4192 6434
495 372 633 429 llatl

1907 368 2111 426 PAULI
2149 369 2373 427 onosll

3658 371 3795 427 tlto

485 489 701 545 stravit.
737 490 780 521 ¹³
819 487 1226 554 Constantinus,
1281 488 1407 542 dum
1457 485 1809 542 Constantem
1855 484 2078 541 fratrem
2109 490 2155 547 Α
2186 486 2331 541 roris
2359 485 2522 554 lilius,
2551 486 2912 558 gladiatorum
2942 502 3105 543 manu
3138 487 3334 555 fretus,
3372 486 3574 541 invasit
3617 486 3791 555 inlpe-

486 583 635 641 bello
676 582 721 615 ¹⁸
755 582 1069 649 insectatur,
1120 580 1336 637 incauta
1393 579 1687 651 petulantia
1736 578 1780 610 ¹⁸
1830 578 2083 649 perieulis

488 690 611 732 sese
653 673 927 742 offerens,
969 689 1000 730 a
1049 673 1279 731 ducibus
1326 673 1445 744 ejus
1467 673 1686 730 occisus
1713 683 1818 728 est.
1853 673 1899 704 ¹⁸
1943 673 2085 728 Con-

483 769 716 825 stantius
742 766 903 840 543
933 768 1196 824 adversus
1229 766 1420 822 Persas
1448 775 1504 822 et
1527 765 1814 837 Saporem,
1845 765 1936 836 qui
1976 764 2083 822 Mc-

484 859 840 931 soputamiam
885 859 929 890 ¹⁶
978 867 1353 923 vastaverant,
1405 873 1597 914 novem
1649 855 1849 927 praeliis
1896 844 2081 929 parum

482 967 744 1025 prospere
768 952 1085 1008 decertavit.
1115 949 1442 1017 Novissime,
1487 949 1757 1006 seditione
1795 957 1957 1020 atque
1996 950 2082 1005 in·

486 1045 836 1118 temperantia
885 1045 1113 1101 militum
1154 1052 1312 1101 nocte
1349 1043 1549 1100 adoriri
1579 1058 1809 1115 pugnant
1840 1049 2081 1107 coactus,

480 1146 742 1210 patratam
789 1151 930 1206 pene
966 1137 1249 1192 victoriam
1298 1134 1522 1209 insuper
1572 1134 1745 1191 victus
1798 1135 2004 1191 amisit.
2039 1135 2082 1166 ¹⁷

482 1231 614 1286 Post
636 1245 762 1286 cum
789 1244 849 1285 se
876 1227 1146 1285 Constans
1176 1228 1535 1285 intolerandis
1561 1226 1709 1282 vitiis
1735 1227 1996 1296 dedisset,
2020 1241 2084 1282 ac

481 1337 643 1394 poena
690 1321 1101 1391 provincialium
1153 1321 1389 1375 favorem
1440 1318 1671 1374 militum
1718 1328 2080 1388 compararet,

481 1412 770 1487 Magnentii
800 1412 943 1470 dolis
971 1414 1026 1468 in
1057 1412 1256 1485 oppido
1284 1414 1328 1447 ¹⁸
1354 1414 1441 1468 cui
1485 1412 1687 1469 Helena
1736 1427 1930 1467 unomen
1973 1418 2080 1479 est,

480 1509 535 1564 in
586 1507 833 1576 proximo
886 1505 1161 1577 Hispaniae
1219 1504 1538 1561 interfectus
1587 1513 1691 1563 est.
1748 1505 2083 1577 Magnentius

482 1597 627 1655 euim
658 1595 798 1667 apud
827 1595 1284 1667 Augustodunum
1315 1596 1546 1664 arripnit
1587 1596 1901 1667 imperium,
1938 1596 2080 1668 qnod

480 1691 739 1747 continuo
771 1705 868 1759 per
895 1687 1148 1755 Galliam,
1184 1688 1424 1745 Africam
1458 1687 1776 1759 Italiamque
1817 1690 2080 1759 porrexit.

485 1781 542 1838 ln
572 1781 784 1854 illyrico
813 1791 992 1835 autem
1018 1781 1059 1814 ¹⁹
1083 1767 1491 1843 vetranionem.
1522 1788 1682 1836 oetate
1707 1779 2079 1851 grandaevum,

2190 581 2367 635 rium:
2400 580 2492 650 qui
2525 580 2742 647 deinde,
2773 595 2897 635 cum
2921 580 3204 649 improbus
3230 593 3293 634 ac
3326 593 3422 649 per
3450 579 3555 634 hoe
3592 577 3794 634 invisus

2187 676 2394 730 cunctis
2423 682 2589 742 esset,
2619 688 2647 728 a
2680 673 3077 743 magnentianis
3105 671 3335 728 ducibus
3359 685 3662 742 oppressus
3688 678 3789 729 est.

2189 766 2444 837 Sequitur
2490 765 2690 821 bellum
2734 764 2869 820 illud
2918 763 3181 821 horribile
3226 764 3372 819 inter
3414 761 3793 820 Constantium

2187 857 2660 928 magnentiumque
2685 859 2824 928 apuli
2857 856 3089 912 nursam
3119 855 3313 912 urbem
3338 864 3579 925 gestum,
3610 855 3667 910 in
3686 869 3793 924 quo

2190 953 2356 1007 multa
2382 952 2751 1008 Rolnanarum
2783 951 2976 1011 virium
3008 948 3312 1022 profligatio
3335 948 3504 1004 etiam
3535 949 3590 1003 in
3615 956 3795 1018 poste-

2189 1061 2305 1100 rum
2331 1045 2529 1100 nocuit.
2556 1044 2896 1114 Magnentius
2926 1053 3101 1098 tamen
3129 1042 3306 1097 victus
3332 1039 3571 1112 aufugit,
3594 1054 3656 1096 ac
3680 1053 3789 1097 non

2188 1137 2362 1194 multo
2389 1145 2506 1208 post
2534 1136 2677 1208 apud
2705 1135 3027 1208 Lugdunum
3061 1136 3279 1206 propria
3312 1149 3375 1189 se
3416 1147 3597 1215 manu·
3629 1131 3791 1190 inter-

2188 1227 2337 1284 fecit.
2369 1229 2659 1284 Decentius
2687 1243 2922 1299 quoque,
2952 1226 3123 1283 frater
3162 1225 3431 1296 ejusdem,
3474 1239 3640 1295 quem
3672 1221 3792 1281 Cai-

2187 1335 2363 1375 sarem
2394 1319 2566 1377 Gallis
2596 1319 2934 1389 praefecerat,
2962 1316 3104 1388 apud
3127 1317 3376 1374 Senonas
3401 1315 3602 1386 laqueo
3627 1315 3786 1369 vitant

2188 1411 2379 1466 linivit.
2413 1410 2681 1466 Continuo
2706 1407 3052 1467 Constantius
3081 1408 3322 1477 Gallum,
3367 1406 3551 1478 patrui
3594 1405 3784 1475 filium,

2187 1505 2457 1560 Caesarem
2487 1503 2622 1574 legit
2646 1521 2658 1556 :
2692 1518 2854 1572 quem
2884 1517 3074 1558 rursus
3095 1500 3389 1557 crudeliter
3416 1513 3484 1554 ac
3511 1499 3786 1571 tyrannice

2187 1606 2456 1668 agentem,
2490 1595 2655 1666 paulo
2683 1605 2963 1667 postquam
2994 1602 3295 1660 creaverat,
3335 1591 3560 1649 occidit.
3596 1590 3784 1663 Sylva-

2187 1703 2317 1743 num
2341 1701 2558 1759 quoque
2592 1702 2687 1757 pet·
2716 1685 2916 1742 Gallias
2947 1686 3111 1743 rebus
3138 1686 3295 1741 novis
3320 1683 3650 1750 inhiantem,
3680 1697 3784 1739 tna-

2187 1788 2308 1835 tnrc
2364 1778 2899 1835 circumveniendum
2963 1777 3494 1849 opprimendumque
3559 1775 3782 1833 curarit.

481 1873 868 1943 imperatorem
899 1872 1002 1949 sihi
1044 1871 1244 1928 milites
1280 1881 1623 1940 creaverunt,
1674 1872 1845 1926 virum
1885 1879 2074 1927 natura
2111 1869 2154 1929 B
2184 1873 2349 1941 igilur
2375 1872 2613 1945 Sylvano
2640 1872 2949 1938 interfecto,
2974 1871 3248 1929 lulianum
3279 1874 3585 1941 patruelem
3608 1889 3779 1943 suum,

478 1963 808 2034 simplicem,
838 1962 1157 2035 cunctisque
1178 1962 1496 2034 jucundum,
1528 1960 1624 2018 sed
1661 1962 1751 2034 qui
1791 1977 1860 2018 ne
1903 1962 2077 2033 prima

479 2054 696 2126 quidem
725 2067 980 2125 umquam
1008 2048 1314 2109 litterarum
1345 2052 1615 2108 elementa
1642 2051 1940 2108 didicisset.
1974 2051 2074 2107 lta·

477 2161 583 2217 que
611 2145 658 2176 ²⁰
684 2159 809 2200 cum
836 2144 1040 2216 primas
1085 2143 1316 2211 litteras,
1362 2144 1772 2215 litterarumque
1812 2143 2073 2215 syllahaS,

478 2240 775 2309 imperator
820 2253 1011 2302 senex.
1054 2236 1325 2292 interdum
1375 2237 1605 2303 invitus,
1638 2235 2013 2302 meditaretur,
2044 2251 2074 2290 a

477 2331 820 2399 Constantio,
847 2328 940 2402 qui
959 2338 1088 2385 tunc
1116 2330 1168 2385 in
1210 2328 1599 2401 Magnentium,
1646 2327 1851 2385 ultione
1892 2328 2075 2390 tlt-atris

475 2438 761 2491 accensuS,
812 2421 1011 2478 bellum
1063 2423 1311 2492 parabat,
1355 2421 1630 2494 deponere
1674 2420 1857 2492 jussus
1898 2420 2072 2492 impe·

475 2514 640 2580 rium,
664 2513 927 2585 abjiciens
955 2529 1077 2569 cum
1120 2513 1314 2569 litteris
1352 2529 1643 2585 purpuras,
1682 2523 2078 2584 contentusque

479 2603 644 2676 544.
686 2605 911 2676 privatis
955 2603 1126 2671 feriis,
1171 2604 1429 2675 palatium
1455 2605 1615 2662 simul
1649 2605 1693 2637 ¹¹
1726 2603 2079 2677 scholamque

478 2698 701 2753 dimisit.
736 2696 1065 2765 Nepotianus
1088 2696 1310 2764 deinde,
1348 2697 1557 2763 Romae,
1601 2696 1947 2754 Constantini
1984 2713 2073 2752 so·

2183 1965 2323 2022 Galli
2353 1966 2600 2031 fratrem,
2631 1964 2902 2021 Caesarem
2934 1972 3202 2029 creatum,
3247 1964 3397 2019 misit
3447 1963 3517 2020 ad
3566 1964 3783 2023 Gallias.

2184 2057 2368 2127 ltaque
2414 2054 2660 2111 lulianus
2706 2053 2889 2110 Cacsar
2941 2068 3163 2110 eversas
3207 2068 3617 2126 oppressasque
3651 2055 3697 2088 ‘¹
3722 2054 3784 2110 ah

2185 2147 2340 2204 hoste
2361 2146 2566 2203 Gallias
2585 2144 2962 2202 strenuissime
2991 2146 3045 2201 in
3074 2146 3342 2218 integrum
3376 2147 3639 2203 restituit.
3667 2146 3780 2203 Ala·

2184 2254 2504 2296 mannorum
2529 2237 2710 2309 parvis
2729 2237 2904 2309 copiis
2929 2252 3174 2309 magnam
3200 2237 3609 2295 multitudinem
3630 2238 3772 2295 rudit.

2183 2329 2231 2363 ¹⁸
2254 2330 2445 2387 Rlieno
2467 2329 2769 2387 Germanos
2793 2328 3055 2386 revinxit.
3089 2330 3185 2385 His
3205 2331 3383 2387 elatus
3414 2331 3776 2401 successibus,

2182 2422 2454 2494 fastigium
2505 2404 2788 2492 usurpavit
2831 2421 3058 2492 Augusti
3083 2438 3098 2476 :
3130 2428 3188 2477 et
3212 2437 3338 2477 mox
3366 2419 3582 2478 ltaliam
3612 2422 3778 2503 Illyri·-

2182 2530 2415 2586 cumque
2446 2513 2769 2585 pervadens,
2804 2513 3200 2580 Constantium,
3223 2512 3492 2570 Parthicis
3514 2514 3565 2546 ’⁸
3587 2516 3777 2587 praeliis

2182 2616 2531 2678 occupatum,
2559 2607 2708 2678 regni
2731 2615 2883 2677 parte
2906 2606 3156 2675 privavit.
3179 2605 3562 2674 Constantius,
3588 2608 3775 2664 iuliani

2183 2700 2388 2756 scelere
2417 2709 2720 2769 comperto,
2768 2697 2989 2753 dimissa
3034 2697 3385 2768 expeditione
3429 2698 3774 2769 Parthorum,

1775 2808 2230 2869 llAvssttCAtwl
2267 2811 2497 2868 NOTAE.

547 2921 636 2976 12.
680 2920 1049 2977 Constantinus
1078 2922 1203 2976 dum
1228 2962 1245 2988 ‚
1292 2930 1400 2980 etc.
1455 2922 1769 2994 Epieedium
1810 2926 2065 2997 anonymi

472 2993 734 3064 sophistae
761 2990 1008 3048 Graecnm
1037 2992 1091 3049 in
1119 2992 1537 3050 Constantinum
1574 2994 1719 3051 hunc
1752 2994 2058 3062 Junioreln,

472 3081 537 3117 ux
566 3079 673 3133 qun
713 3063 969 3117 militaris
994 3064 1086 3118 illa
1110 3063 1272 3119 [actio
1299 3077 1355 3119 et
1400 3063 1585 3120 infelix
1613 3065 1733 3133 ejus
1758 3066 1938 3121 obitus
1968 3083 2060 3122 eo·

470 3133 657 3205 gnosci
689 3141 885 3202 potest,
920 3142 1099 3189 exstat
1129 3135 1193 3189 ad
1235 3136 1439 3190 calcem
1472 3134 1714 3205 Eutropii
1746 3135 1835 3192 ed.
1860 3148 2060 3193 nostrie

471 3219 526 3275 p.
561 3205 684 3259 705.
720 3201 776 3257 ln
800 3220 864 3256 eo
893 3220 1056 3260 rausa
1085 3207 1276 3260 mortis
1302 3208 1536 3262 refertur
1562 3206 1626 3261 ad
1653 3221 2003 3275 percussores
2029 3226 2055 3262 a

468 3277 633 3330 fratre
657 3273 953 3330 Constante
981 3275 1328 3331 subornatus.

2177 2926 2439 2984 barbaros
2466 2942 2581 2984 rem
2615 2928 2807 3000 gessit,
2844 2928 2914 2985 de
2954 2929 3151 2999 quibus
3176 2939 3499 3000 reportatas
3525 2934 3773 2992 victorias

2175 2998 2387 3069 insigne
2409 3013 2476 3054 ex
2507 3008 2732 3068 argento
2760 3000 2917 3069 primi
2943 3002 3145 3057 moduli
3189 3011 3428 3059 testatur
3466 3005 3733 3061 numisma
3754 3046 3771 3072 ,

2170 3073 2327 3136 cujus
2350 3081 2584 3139 eclypon
2629 3085 2793 3139 penem·
2826 3089 2911 3126 nte
2940 3082 3045 3126 est.
3074 3071 3134 3127 ln
3167 3085 3324 3143 parte
3344 3075 3635 3133 ariter-iore
3660 3091 3774 3133 eer-

2172 3139 2315 3194 nitur
2342 3156 2464 3195 cum
2499 3148 2717 3208 pectore
2744 3141 2999 3211 paludato
3023 3183 3039 3208 ,
3086 3151 3256 3213 caput
3281 3142 3632 3213 (intimantis,
3681 3163 3774 3204 co,

2168 3224 2300 3264 rona
2331 3219 2602 3280 gemninata
2637 3213 2865 3278 insigne.
2894 3228 3015 3266 cum
3050 3212 3149 3267 hac
3195 3213 3603 3283 inscriptione:
3636 3217 3771 3274 Fla-

2166 3281 2277 3334 vius
2326 3282 2521 3337 lVLt'tts
2574 3280 2932 3339 CONSTANS
2982 3284 3109 3337 Pius
3156 3283 3306 3339 rena:
3336 3285 3653 3342 Amanus.
3696 3294 3769 3347 Al»

537 3347 626 3400 15.
658 3343 970 3398 Insectatur.
1004 3345 1153 3401 Flor.
1181 3360 1319 3413 sec.,
1350 3348 1632 3402 insectatus
1663 3364 1685 3413 ,·
1714 3347 1803 3404 ed.
1838 3351 1971 3421 Aug.
2000 3361 2056 3404 et
2084 3360 2128 3422 C
2163 3352 2334 3405 altera
2369 3362 2521 3421 parte
2562 3364 2667 3407 stat
2691 3354 2990 3421 imperator
3022 3354 3244 3410 thorace
3270 3366 3328 3414 et
3379 3358 3761 3423 paludamento

464 3422 586 3469 end.
619 3415 891 3481 Perizon.,
924 3416 1229 3485 insequitur.

543 3486 626 3538 lt.
666 3483 937 3540 periculis.
967 3487 1065 3540 Ed.
1103 3487 1264 3556 Aug„
1295 3487 1549 3559 periculo.

535 3557 624 3611 ta.
656 3553 1011 3610 Constantius.
1038 3558 1129 3612 Sic
1157 3572 1380 3614 omnino
1407 3573 1476 3614 ex
1519 3574 1653 3615 mss.
1699 3559 1869 3630 Lugd.
1905 3563 2046 3617 Bau.

462 3641 573 3680 sec.
607 3637 663 3678 et
700 3635 892 3696 quarto
926 3638 1087 3709 atque
1128 3628 1257 3684 ultr.
1312 3631 1501 3698 reponi
1522 3631 1715 3699 debet,
1747 3646 1855 3687 non
1904 3633 2042 3687 Gon-

461 3706 627 3764 staus,
675 3706 734 3751 ut
787 3696 886 3749 luit
925 3698 1153 3753 editum.
1198 3698 1481 3755 Constanti
1530 3702 1675 3757 enim
1703 3717 1824 3756 cunt
1862 3703 2045 3759 Persis

461 3768 594 3821 nihil
642 3768 841 3836 negotii
886 3767 1005 3836 luit,
1055 3769 1151 3824 sed
1215 3770 1476 3828 adversus
1534 3771 1744 3829 Gothos
1793 3774 2043 3845 aliosque

2167 3422 2389 3477 indutus
2413 3465 2426 3487 ,
2462 3423 2591 3478 loeva
2624 3432 2815 3478 tenens
2857 3424 3096 3488 hastam,
3131 3425 3327 3480 dextra
3369 3428 3588 3496 signum
3626 3434 3759 3488 utili·

2164 3500 2300 3553 tare.
2323 3510 2351 3547 a
2371 3492 2527 3559 cujus
2541 3493 2855 3549 summitate
2870 3494 3144 3564 dependet
3161 3496 3410 3552 labarum
3431 3512 3764 3571 monogram-

2162 3573 2307 3618 mate
2330 3563 2530 3618 Christi
2573 3566 2907 3634 insignitum,
2944 3566 2997 3621 in
3040 3566 3270 3621 circuitu
3300 3567 3570 3626 scribitur
3592 3575 3751 3629 anthi·

2160 3634 2330 3689 tiosus
2367 3634 2554 3690 titulus
2589 3633 3125 3692 :Titlvtll’llarolt
3158 3635 3474 3694 GENTtvlu
3515 3641 3753 3699 Banna-

2155 3699 2419 3758 lttltval.
2456 3704 2732 3761 Numisuta
2770 3708 2961 3762 Sisciae
2986 3712 3038 3762 in
3066 3705 3350 3763 Pannonia
3379 3726 3579 3768 cusum
3607 3713 3759 3771 luisse

2153 3773 2349 3829 docent
2376 3776 2573 3830 litterae
2602 3779 2654 3830 in
2687 3776 2794 3831 itus
2825 3792 2921 3833 ora
2956 3778 3147 3849 positae
3178 3778 3393 3836 SlScia.

445 5203 502 5250 et
530 5194 771 5252 Florem.
806 5213 945 5266 see„
972 5212 1283 5261 vastaverat.

485 5265 608 5350 ‚¹7·
642 5262 772 5321 Post
798 5284 914 5323 cnm
942 5287 996 5325 se
1022 5272 1296 5330 Constans.
1331 5276 1408 5333 Ex
1442 5276 1633 5335 lisdem
1677 5297 1806 5339 mss.
1842 5286 2038 5355 quihus

446 5337 531 5393 hle
558 5335 637 5392 Lu
677 5336 731 5392 d.
766 5336 909 5393 Batt.
942 5340 1052 5395 duo
1074 5344 1265 5416 reliqui
1287 5362 1410 5404 cum
1436 5346 1576 5405 Coll.
1608 5349 1847 5410 Gronov.
1880 5371 2038 5413 aece-

439 5406 606 5472 dunt,
642 5352 915 5465 inseritur
957 5411 1237 5484 Constans,
1289 5418 1443 5489 cujus
1490 5420 1511 5503 ζ
1527 5429 1583 5476 ut
1631 5424 1684 5478 in
1734 5424 1895 5482 editis
1944 5426 2035 5501 lit)

435 5480 642 5602 1«aruisse
663 5480 909 5603 ritomine.
927 5481 1119 5551 ingens
1138 5482 1353 5556 Oresio,
1378 5497 1437 5545 ut
1454 5488 1800 5550 historiarum
1825 5495 2030 5567 ignaro,

522 5564 667 5618 injur
689 5566 741 5603 a.

433 5682 448 5696 .
507 5620 600 5675 ¹8.
635 5616 732 5673 Cui
758 5618 985 5678 Helena.
1017 5621 1246 5694 Eutrop.
1278 5628 1467 5684 scribit
1494 5628 1845 5689 Constantem
1888 5639 2034 5705 peri·

430 5697 542 5743 isse
572 5687 709 5742 haud
733 5690 894 5762 longe
920 5693 990 5748 ab
1016 5692 1291 5763 Hispaniis
1311 5698 1365 5753 in
1389 5707 1569 5755 castro
1589 5703 1679 5757 cui
1703 5702 1922 5760 Helenae
1941 5722 2037 5764 no·

429 5766 682 5838 men-est.
704 5756 1080 5819 Schonliovius
1101 5779 1205 5820 non
1230 5772 1377 5823 recte
1398 5771 1604 5838 castris,
1626 5770 1777 5843 legit,
1803 5772 1945 5845 quod
1965 5792 2032 5835 ex

428 5818 754 5882 Cassiodoro
771 5841 825 5884 et
851 5832 1160 5905 llieronymi
1184 5834 1456 5896 Chronico
1490 5843 1831 5914 perspicitur.
1860 5845 2029 5908 Fann.

2149 5226 2205 5281 in
2236 5243 2360 5286 meo
2390 5229 2670 5303 Eutropio.
2705 5234 2872 5293 Fatis.

2216 5307 2310 5364 20.
2343 5306 2473 5391 Cum
2498 5312 2716 5383 primas.
2754 5315 3005 5375 Perizon.
3050 5326 3109 5376 et
3152 5317 3326 5391 Lugd.
3379 5318 3502 5379 Bst.
3550 5326 3738 5391 quarta

2147 5393 2265 5433 cum
2294 5395 2547 5447 prumam.

2215 5459 2307 5512 21.
2342 5457 2714 5532 scholamque.
2751 5464 3027 5533 Perizon.,
3057 5468 3385 5536 scholasque.

2211 5537 2304 5592 22.
2338 5538 2412 5593 Ab
2441 5540 2603 5597 noste.
2639 5544 2732 5600 Sic
2764 5544 3009 5618 plerique
3033 5558 3199 5615 mss.;
3236 5548 3356 5619 sill,
3382 5548 3453 5604 ab
3481 5548 3725 5605 hostibus.

2209 5617 2303 5711 ‚²¹⁷⁸
2338 5616 2543 5749 ξὴεηο,
2571 5630 2678 5679 etc.
2709 5622 2982 5693 Perizoii„
3021 5625 3203 5683 Rheno
3226 5626 3524 5686 Germanos
3541 5630 3741 5701 flamine

2144 5710 2575 5866 η’,ἕῖξωρνωιὶἱι
2605 5779 2775 5852 Lugd.
2813 5782 2958 5839 Bau.
2994 5792 3102 5841 trc÷
3139 5800 3264 5843 cunt
3308 5786 3457 5848 Cttii.
3508 5782 3737 5845 umam.

2142 5852 2309 5926 bellis,
2332 5858 2476 5927 quod
2506 5860 2772 5932 Latirtiu5‚
2798 5864 2891 5918 seli
2915 5862 3139 5923 orosius·
3160 5864 3485 5939 promiscue
3507 5876 3737 5943 usurpa.
