4192 6434
459 426 566 486 737

467 635 569 691 ciae
588 632 697 704 67
729 629 929 687 lectam
957 642 1023 685 ac
1051 627 1287 685 nobilem
1315 628 1658 698 juventutem
1687 627 2051 696 contraxerit,

459 739 658 786 novem
689 723 882 794 longas
908 735 1077 778 naves
1107 718 1429 790 praepararit
1456 737 1471 774 ε
1500 720 1542 753 ¹·
1571 732 1674 775 nec
1714 726 1898 775 tamen
1923 732 2056 775 con-

462 823 648 874 tentus
667 813 923 870 examine
942 812 1162 880 virium,
1197 825 1263 867 ex
1289 811 1589 882 improviso
1618 809 1861 883 aggredi,
1896 818 1953 867 et
1976 810 2059 866 in-

460 917 712 981 speratas
748 905 1153 963 circumvenire
1180 905 1451 961 maluerit.
1502 906 1634 961 Duae
1674 913 1801 962 tunc
1829 919 2054 964 sorores

461 1016 632 1074 regno
654 1007 950 1073 praeerant,
971 998 1211 1070 Antiope
1230 1008 1286 1054 et
1305 997 1350 1030 ⁸⁰
1361 997 1611 1070 orithya.
1634 997 1897 1056 Hercules
1915 997 2053 1055 mari

464 1095 750 1161 advectus,
779 1094 1028 1150 incautas
1054 1091 1410 1163 inermesque
1434 1099 1491 1148 et
1519 1092 1668 1163 pacis
1708 1090 1920 1149 incuria
1957 1090 2057 1149 de-

458 1187 609 1243 sides
638 1183 937 1255 oppressit.
964 1181 1114 1239 Inter
1142 1196 1314 1239 exesas
1339 1191 1639 1254 captasque
1667 1182 2057 1253 complurimas

465 1281 511 1313 ²¹
534 1278 656 1335 duae
677 1291 899 1334 sorores
922 1276 1197 1347 Antiopae,
1222 1276 1529 1348 menalippe
1550 1276 1619 1333 ab
1646 1276 1903 1345 Hercule,
1933 1275 2059 1347 Hip-

464 1371 650 1443 polyte
679 1385 711 1425 a
739 1368 977 1437 Theseo,
999 1369 1044 1400 ¹⁸
1075 1376 1305 1424 retentae
1332 1375 1481 1424 sunt.
1512 1367 1619 1424 Sed
1650 1367 1896 1424 Theseus
1924 1367 2060 1439 Hip-

464 1463 688 1534 polyten
719 1460 1069 1517 matrimonio
1096 1460 1314 1526 ascivit,
1338 1460 1601 1517 Hercules
1615 1459 1956 1532 Menalippen
1972 1475 2060 1518 so-

464 1555 582 1612 rori
609 1552 868 1619 reddidit,
908 1562 966 1609 et
995 1567 1149 1608 arma
1189 1552 1391 1623 reginae
1440 1552 1617 1624 pretio
1661 1552 2056 1626 redemptionis

459 1645 696 1717 accepit.
725 1644 771 1678 ¹²
796 1646 932 1701 Post
957 1643 1242 1716 orithyam
1286 1643 1636 1701 Penthesilea
1676 1657 1851 1715 regno
1881 1643 2059 1715 potita

343 1791 348 1795 .
463 1747 551 1796 est
579 1756 592 1791 :
624 1735 780 1808 cujus
808 1735 1047 1807 Trojano
1086 1734 1233 1792 bello
1262 1733 1567 1793 clarissima
1596 1734 1741 1794 iuter
1782 1736 1933 1794 viros
1958 1733 2062 1793 do-

463 1839 722 1888 cumenta
746 1827 966 1886 virtutis
1003 1827 1336 1899 acecpimus.
1449 1886 1454 1894 ,

1872 421 2083 482 PAULI
2119 420 2348 484 otiosn

461 538 777 604 inevitabile
822 535 1126 609 perieulum
1172 534 1502 602 destinatuS,
1547 535 1859 593 universam
1899 535 2058 592 Grae-
2085 543 2138 604 Α

3650 426 3766 489 728

2678 537 2790 613 68
2823 535 3056 598 carur
3093 538 3237 598 xvt.

2231 670 2485 745 Epiloqus
2513 671 2742 729 historice
2770 674 3090 731 Amazonum
3117 692 3136 730 .·
3164 677 3220 732 in
3244 690 3348 746 quo
3376 687 3689 749 proesentem

2463 750 2825 827 Romanorum
2852 755 3138 811 coeeitatem
3164 756 3470 812 insectatur.

2229 910 2371 969 Proh
2387 911 2569 982 dolor,
2601 912 2766 984 pudet
2791 912 2996 969 erroris
3031 914 3274 969 humani.
3306 914 3558 971 Mulieres
3585 916 3775 986 patria

2164 1011 2408 1086 profugae
2449 1012 2725 1084 Europam
2753 1023 2918 1084 atque
2940 1012 3128 1070 Asiam
3156 1054 3174 1082 ‚
3206 1014 3259 1071 id
3286 1022 3412 1081 est,
3447 1016 3463 1048 ¹
3493 1014 3778 1087 plurimas

2161 1113 2597 1186 fortissimasque
2625 1113 2811 1170 mundi
2842 1121 3026 1184 partes
3054 1114 3420 1183 intraverunt,
3454 1125 3777 1188 pervagatae

2162 1225 2310 1287 sunt,
2333 1217 2675 1283 deleverunt,
2694 1224 2914 1273 centum
2938 1231 3077 1288 pene
3098 1218 3258 1274 annis
3279 1220 3582 1277 evertendo
3597 1221 3778 1278 urbes

2164 1316 2447 1388 plurimas,
2472 1319 2494 1350 ¹
2518 1325 2682 1389 atque
2701 1317 2840 1373 alias
2862 1315 3270 1385 constituendo,
3303 1328 3596 1376 tenuerunt
3624 1338 3640 1375 ε
3668 1335 3778 1378 nec

2164 1410 2346 1476 tamen
2377 1419 2398 1451 ¹
2441 1419 2679 1476 miseriae
2706 1419 2993 1476 bominum
3032 1434 3288 1491 pressura
3319 1429 3633 1492 temporum
3677 1421 3776 1478 dc-

2163 1529 2347 1591 putata
2372 1528 2474 1578 est.
2508 1520 2531 1553 ⁸
2562 1520 2722 1577 Modo
2743 1529 2926 1577 autem
2955 1522 2976 1552 ⁸
3016 1520 3173 1577 Getae
3211 1521 3289 1577 illi
3319 1566 3333 1593 ,
3385 1523 3478 1595 qui
3524 1532 3581 1580 et
3623 1540 3778 1582 nunc

2165 1622 2367 1690 Gothi,
2396 1624 2417 1656 ⁶
2444 1637 2582 1694 quos
2611 1621 2922 1680 Alexander
2950 1624 2971 1656 '¹
3001 1622 3292 1682 evitandos
3319 1626 3726 1697 pronuntiavit,
3753 1630 3779 1661 ⁸

2166 1726 2408 1800 Pyrrhus
2439 1725 2762 1794 exhorruit,
2793 1726 2978 1783 Caesar
3009 1726 3175 1782 etiam
3200 1725 3535 1795 declinavit,
3561 1728 3781 1786 relictis

2167 1827 2606 1899 vacuefactisque
2630 1829 2651 1860 ⁹
2677 1824 2899 1884 sedibus
2926 1825 3043 1884 suis
3062 1866 3080 1896 ,
3113 1825 3156 1858 ¹⁰
3181 1840 3248 1884 ae
3274 1825 3400 1884 totis
3424 1825 3645 1885 viribus
3694 1838 3780 1884 tot

1751 1940 2208 2001 HAVERCAHPI
2241 1940 2471 1999 NOTAE.
2755 2024 2760 2030 .

534 2039 629 2095 to.
672 2035 791 2092 Nec
818 2044 1014 2093 tamen.
1042 2033 1186 2093 Edd.
1208 2037 1457 2108 quaedam
1478 2076 1495 2105 ,
1524 2050 1617 2093 neo
1644 2041 1819 2107 tanto,
1847 2034 2022 2108 prima
2039 2074 2057 2104 ,
2087 2038 2140 2101 B
2163 2034 2311 2092 Ἀλλὰ
2336 2032 2631 2107 θαυμαστὸν
2665 2033 2758 2088 οὐκ
2783 2034 3086 2107 πράγμασιν
3130 2031 3267 2090 οὕτω
3306 2033 3548 2096 παλαιοῖς
3577 2035 3784 2092 nima·

468 2121 564 2166 :nec
585 2115 805 2164 tantum.

540 2181 633 2236 2⁰.
677 2177 922 2250 Orithya.
952 2176 1117 2234 Varie
1142 2177 1196 2235 in
1229 2192 1364 2234 mss.
1404 2185 1460 2235 et
1484 2176 1648 2235 editis
1673 2176 1932 2234 scribitur
1962 2175 2065 2240 Or-

470 2251 606 2317 thia,
643 2246 873 2314 orithia,
908 2247 1155 2315 Orethia,
1189 2249 1425 2321 Orthya,
1457 2248 1670 2304 Oiritia.
1698 2248 1832 2304 Cum
1858 2246 2067 2304 Graecis

470 2319 822 2376 scribendum
842 2326 928 2375 est
944 2318 1174 2378 Otreria.
1192 2320 1325 2376 Vide
1341 2319 1509 2376 Notas
1526 2319 1775 2375 Salmasii
1795 2321 1847 2372 in
1866 2318 2067 2376 iustini

471 2390 772 2447 novissima
790 2389 1052 2446 editione.
1066 2389 1191 2446 Mox
1210 2389 1337 2447 edd.
1352 2389 1599 2457 quaedam
1615 2406 1769 2460 quam
1788 2388 2065 2460 plurimas.

545 2462 638 2516 st.
670 2460 807 2516 Daae
831 2476 1035 2517 sorores
1062 2460 1320 2534 Antiopa».
1357 2460 1629 2517 Diodorus
1656 2460 1887 2525 scribit,
1930 2458 2069 2516 ller-

477 2533 655 2588 culem
677 2547 710 2587 e
728 2531 957 2602 captivis
981 2531 1139 2586 Antio
1178 2548 1263 2587 am
1283 2531 1501 2588 Theseo
1520 2531 1778 2599 donasse,
1804 2528 2066 2602 Menalip-

480 2618 603 2674 pam
629 2615 853 2670 accepto
884 2600 1111 2657 Baitheo
1159 2603 1419 2659 iberasse.
1465 2601 1789 2673 Apollonius
1818 2601 2066 2657 Rhodius

480 2672 629 2728 canit
658 2711 674 2739 ,
742 2673 1087 2744 Hippolytam
1124 2672 1340 2729 Herculi
1394 2672 1632 2730 balteum
1684 2673 1921 2728 donasse
1945 2712 1961 2738 ,
2008 2678 2070 2726 ut

480 2743 841 2814 Menalippam
884 2757 982 2812 per
1011 2741 1236 2800 insidias
1276 2753 1488 2812 captam
1533 2744 1813 2800 liberaret.
1842 2741 2069 2798 Tzetzes

483 2814 711 2880 mavult,
739 2812 1021 2883 Antiopam
1036 2811 1308 2883 luisse(ex
1336 2812 1700 2884 qua'l'heseus
1721 2813 2071 2884 Hippolytum

482 2882 807 2955 susceperit)
824 2897 987 2957 quam
1006 2881 1375 2956 Hippolytam,
1387 2894 1446 2941 ut
1466 2883 1793 2958 Lycophron
1814 2883 2034 2954 scripsit
2053 2900 2068 2938 z

2168 2109 2288 2165 σθαι
2307 2107 2539 2180 ἱστορίαν
2563 2146 2578 2170 ,
2610 2103 2688 2159 ait
2715 2102 3038 2160 Plutarchus
3069 2103 3128 2160 in
3155 2103 3371 2162 Theseo
3417 2105 3488 2162 de
3514 2106 3630 2163 hoc
3662 2109 3784 2180 ipso

2170 2193 2340 2248 agens
2370 2194 2384 2231 ε
2415 2190 2574 2246 quem
2604 2174 2745 2245 lege.
2776 2172 2952 2229 Fun.

2243 2247 2336 2302 22.
2381 2245 2613 2301 Retenta:
2637 2252 2783 2303 sunt.
2838 2244 3109 2302 Resecant
3149 2254 3491 2317 postremum
3541 2247 3783 2308 verbum

2174 2318 2391 2392 quidam
2430 2330 2499 2372 ex
2530 2332 2666 2373 mss.

2244 2389 2336 2444 23.
2378 2386 2508 2441 Post
2540 2386 2815 2460 Orithyiam
2844 2385 3198 2443 Penthesilea.
3239 2386 3591 2445 Penthesilea
3618 2391 3787 2446 Ama-

2177 2475 2374 2516 zonum
2405 2459 2596 2528 regina
2625 2470 2748 2529 post
2781 2458 3032 2515 Hectoris
3061 2458 3264 2514 candem
3291 2458 3550 2529 Trojanis
3573 2462 3786 2517 auxilio

2169 2532 2356 2587 venit:
2388 2542 2694 2601 magnoque
2725 2543 2957 2584 numero
2979 2530 3292 2586 Graecorum
3317 2533 3528 2596 occiso,
3556 2532 3784 2588 tandem

2171 2603 2285 2672 ipsa
2304 2600 2516 2656 sortiter
2535 2615 2782 2671 pugnans
2802 2598 2872 2654 ab
2888 2600 3100 2656 Achille
3123 2599 3408 2657 interfecta
3425 2601 3552 2667 fuit,
3576 2601 3786 2659 Diodo-

2168 2688 2262 2728 rus
2283 2671 2378 2727 lib.
2394 2685 2454 2738 tt,
2480 2669 2667 2754 Dictys
2683 2671 2960 2727 Cretensis
2986 2671 3081 2726 lib.
3098 2686 3171 2726 tv.
3188 2669 3356 2729 Fasti.
3372 2672 3782 2730 —Memoriatn

2174 2741 2335 2812 hujus
2361 2743 2658 2798 Amazonis
2681 2784 2695 2807 ‚
2722 2741 2997 2811 caedisque
3032 2742 3151 2812 eius
3176 2782 3195 2811 ,
3220 2744 3292 2798 ab
3323 2742 3546 2799 Achille
3572 2741 3742 2799 tactae
3764 2788 3781 2814 ,

2174 2821 2361 2894 servat
2387 2812 2478 2868 hic
2507 2828 2763 2872 nummus
2804 2813 3183 2873 contoruiatus
3227 2827 3296 2871 cx
3340 2815 3533 2873 Museo
3562 2811 3781 2874 Fatue·

2175 2896 2353 2942 stane.

536 4081 669 4137 Car.
696 4077 971 4135 xvh—l.
1010 4075 1280 4137 Plurima:
1304 4076 1714 4148 fortissimasque
1735 4073 1914 4129 mundi
1935 4090 2059 4146 ραι·-
2082 4079 2130 4144 c

467 4163 562 4208 tes.
615 4150 716 4206 Ed.
739 4149 877 4218 Aug.
930 4147 1184 4219 plurimas
1213 4148 1396 4201 mundi
1427 4158 1599 4218 partes
1628 4146 2057 4217 fortissimasque.

466 4223 589 4278 Mox
621 4219 712 4275 cd.
743 4217 1010 4289 quaedam,
1042 4225 1088 4269 et
1117 4229 1323 4270 centum
1346 4234 1401 4288 ρ.
1426 4234 1480 4272 a.

534 4294 589 4347 2.
630 4289 799 4360 Atque
826 4289 958 4342 alias
985 4286 1364 4343 constituendo.
1398 4286 1502 4343 Ed.
1532 4302 1619 4358 pr.
1649 4293 1705 4342 et
1728 4285 1900 4356 Lugd.
1931 4288 2049 4343 Bat.

466 4371 619 4426 tert„
648 4371 801 4431 atque
828 4358 965 4414 alias
992 4358 1361 4412 construendo.
1406 4357 1581 4413 Paris.
1613 4365 1668 4415 ct
1702 4357 1953 4423 Venetae,
1999 4360 2054 4413 in

457 4429 828 4490 construendo.
859 4429 1033 4499 Lugd.
1069 4426 1189 4484 Bat.
1221 4439 1429 4498 quart„
1462 4430 1692 4500 aliasque
1719 4431 2050 4486 exstruendo.

533 4505 589 4561 5.
633 4500 861 4558 Miseria
888 4499 1176 4554 hominum.
1206 4495 1310 4554 Ed.
1350 4501 1488 4570 Aug.
1519 4499 1731 4554 miseria
1761 4501 2045 4556 hominum.

528 4577 588 4631 4.
628 4571 792 4628 Modo
817 4579 1010 4627 autent.
1055 4568 1224 4626 Abest
1247 4584 1355 4625 vox
1419 4580 1654 4626 ostrema
1677 4584 1706 4624 a
1728 4568 1904 4628 Periz.

532 4646 586 4702 5.
626 4641 773 4700 Getae
799 4642 900 4709 illi,
931 4642 1019 4713 qai
1046 4650 1094 4696 et
1120 4657 1257 4696 nanc
1284 4585 1463 4699 Goti'ii.
1490 4641 1581 4698 Sic
1606 4641 1967 4714 Hieronymus
1994 4643 2049 4699 in

460 4716 721 4775 Genesin.
745 4711 940 4769 Gothos
959 4715 1029 4768 ab
1048 4710 1284 4769 eruditis
1303 4713 1541 4784 antiquis
1562 4709 1721 4768 Getas
1744 4715 2049 4770 nominatos

458 4803 585 4845 esse
607 4793 838 4843 testatur
868 4801 881 4838 ε
909 4781 1066 4839 Getas
1107 4794 1287 4839 autem
1323 4793 1475 4840 trans
1501 4782 1722 4841 AEmum
1767 4784 1911 4854 apud
1943 4786 2046 4840 Da·

453 4858 685 4915 nubium
711 4856 873 4913 sedes
904 4853 1163 4910 habuisse
1202 4864 1395 4911 auctor
1427 4864 1515 4910 est
1552 4853 1655 4909 Dio
1696 4853 1793 4910 lib.
1823 4869 1875 4910 ιι
1902 4865 1959 4912 et
1989 4857 2045 4911 in

452 4927 763 4986 Domitiano
791 4923 1104 4997 xiphilinus
1149 4937 1217 4978 ex
1248 4925 1463 4980 eodem.
1511 4922 1663 4978 Idem
1705 4924 1806 4979 Dio
1843 4925 2041 4983 librum

454 4998 525 5054 de
550 4998 715 5055 rebus
733 4995 1033 5053 Gothorum
1062 4996 1264 5051 Γετικὸν
1296 4995 1670 5064 inscripserat,
1703 5005 1760 5049 ut
1787 5009 1853 5050 ex
1878 4996 2043 5053 Suida

454 5068 829 5138 cognoscitur.
868 5064 1201 5121 Claudianus
1228 5066 1392 5120 etiam
1432 5064 1632 5135 passim
1657 5064 1908 5121 Getarum
1943 5083 2043 5123 no-

452 5140 603 5193 rnine
629 5134 826 5192 Gothos
852 5134 1124 5206 intelligit.
1157 5134 1266 5191 Sed
1296 5134 1471 5192 Graeci
1500 5150 1685 5191 rerunt
1709 5137 2043 5193 ecclesiasti·

451 5222 640 5263 carum
678 5206 976 5274 scriptores
1018 5208 1141 5261 illos
1165 5201 1380 5267 Γότθους
1416 5214 1631 5262 vocant.
1661 5206 1829 5263 Fami.
1851 5237 1923 5249 -
1947 5208 2041 5266 Sic

448 5278 515 5333 B.
531 5278 894 5347 Hieronymus
915 5278 968 5332 in
987 5276 1223 5333 Genesin
1249 5276 1443 5332 Gothos
1463 5276 1533 5330 ab
1553 5277 1778 5333 eruditis
1799 5280 2039 5352 antiquis

451 5349 610 5407 Getas
648 5347 951 5435 appellatos
997 5347 1166 5402 luisse
1209 5356 1457 5403 testatur.
1502 5347 1832 5405 Claudianus
1870 5354 2034 5409 etiam

444 5424 652 5493 passim
690 5419 940 5476 Getarum
969 5420 1188 5475 nomine
1214 5416 1408 5474 Gothos
1436 5419 1695 5489 intelligit
1728 5436 1743 5480 ;
1800 5429 1854 5477 et
1885 5419 2037 5478 Getas

2161 4075 2260 4131 red
2333 4075 2459 4133 isse.
2485 4075 2652 4134 Fran.
2675 4106 2746 4118 —
2764 4076 2951 4145 Oros.,
2986 4078 3081 4136 tib.
3103 4093 3198 4146 vn,
3221 4092 3345 4149 cap.
3370 4080 3466 4146 54,
3498 4078 3760 4138 Maxima

2158 4145 2285 4201 illas
2345 4147 2573 4219 cymices
2595 4159 2791 4220 pentes,
2809 4149 3214 4234 formidatasque
3234 4151 3435 4205 cunctis
3451 4153 3755 4224 majoribus,

2160 4218 2458 4273 Alexandro
2482 4235 2703 4291 qaoque,
2736 4217 2817 4273 itti
2847 4218 3061 4291 Manno,
3094 4231 3224 4276 sicut
3253 4219 3542 4294 Pompeius
3572 4223 3754 4279 Corne·

2158 4288 2359 4360 [iusque
2386 4292 2554 4344 testati
2588 4299 2724 4355 sunt,
2759 4291 2994 4345 evitatas.

2156 4360 2285 4485 ωῚά.
2327 4359 2632 4417 Evieandos.
2678 4360 2852 4433 Lugd.
2897 4362 3020 4419 liat.
3060 4376 3248 4419 omnes
3283 4375 3412 4419 cum
3449 4361 3637 4434 Ultr.,
3681 4364 3747 4419 ri-

2213 4446 2244 4484 n
2286 4446 2363 4487 oa.

2226 4501 2280 4556 8.
2322 4499 2583 4574 Pyrrhus.
2611 4501 2782 4573 Lugd.
2810 4502 2930 4561 Bat.
2957 4503 3142 4577 Cyrus.
3174 4504 3312 4561 Male
3335 4523 3351 4561 τ
3379 4505 3427 4561 is
3449 4508 3604 4564 enim
3625 4505 3744 4562 Ale-

2154 4572 2419 4628 xandrum
2448 4575 2758 4643 praecedere
2778 4574 3060 4647 debuerat,
3089 4585 3146 4632 et
3168 4576 3220 4632 lo
3261 4576 3409 4633 uitur
3427 4578 3658 4634 Orosius
3677 4578 3741 4633 de

2150 4644 2363 4713 magnis
2388 4643 2633 4713 regibus,
2660 4645 2753 4716 qui
2777 4647 3034 4715 congredi
3060 4661 3182 4702 cum
3260 4647 3405 4703 ethis
3439 4651 3605 4706 veriti
3630 4648 3740 4704 iue-

2150 4713 2284 4778 rint,
2314 4714 2559 4784 quamvis
2584 4716 2652 4770 ad
2675 4730 2864 4773 eorum
2891 4726 3068 4774 terras
3089 4719 3446 4801 penetrarint.
3476 4719 3655 4792 Cyrus
3676 4732 3741 4776 en

2152 4798 2324 4866 usque
2352 4798 2461 4868 non
2489 4786 2740 4856 pervenit
2767 4826 2785 4853 ,
2832 4787 2882 4873 is
2917 4789 3154 4861 Scythtoe
3198 4787 3400 4847 bellum
3446 4791 3699 4848 inferens
3723 4830 3742 4859 ,

2150 4859 3174 5012 ‘⁰5¹3'¹32.iz⁰;231..3?⁶1÷¹3:.¹·i,...aa
3197 4939 3533 5003 postremam
3549 4947 3740 4992 ...ω

2145 4995 2273 5053 edd.
2305 5013 2417 5070 pr..
2452 5000 2625 5055 Parts.
2650 5009 2711 5056 et
2738 4999 2980 5057 Venetae.

2218 5069 2309 5126 to.
2339 5070 2554 5126 Aetatis
2575 5071 2768 5127 viribus
2787 5083 2860 5128 tot
2880 5071 2947 5128 R.
2964 5073 3004 5129 ι’.
3018 5089 3075 5144 p.
3099 5072 3226 5131 Feci
3244 5089 3314 5131 ex
3333 5078 3431 5133 toti
3450 5077 3741 5133 Romanas.

2145 5138 2313 5197 Laut.
2353 5169 2426 5182 —-
2448 5139 2902 5201 Emendate-nem
2949 5143 3129 5200 Lautii
3181 5160 3343 5217 quam
3389 5147 3448 5204 in
3500 5151 3743 5205 editione

2143 5211 2461 5283 moguntina
2493 5213 2701 5284 recepit
2731 5214 2974 5281 Scottus,
3002 5215 3334 5272 confirmant
3357 5232 3428 5274 ex
3456 5219 3743 5277 codicibus

2144 5296 2276 5338 mss.
2301 5283 2454 5339 Flor.
2484 5294 2608 5339 tert.
2641 5294 2699 5341 et
2727 5285 2869 5344 Uitr.
2897 5330 2914 5369 ι
2965 5301 3139 5359 eaque
3183 5286 3316 5343 nihil
3354 5292 3568 5346 certius
3606 5302 3694 5347 est
3721 5335 3737 5360 ,

2180 5353 2389 5429 namvis
2409 5354 2572 5410 lectio
2592 5355 2719 5413 edd.
2739 5357 3070 5429 principum,
3093 5358 3284 5430 primm
3305 5367 3363 5417 et
3377 5361 3738 5432 Augustanae,

2161 5426 2268 5480 erri
2298 5423 2492 5494 possit,
2523 5442 2588 5481 ae
2618 5429 2740 5484 totis
2770 5429 2965 5484 viribus
2992 5431 3090 5485 tuti
3120 5428 3413 5499 Romanas,
3447 5445 3586 5503 etc.,
3618 5449 3741 5504 quat

443 5506 598 5550 trans
620 5490 859 5573 AEmmn,
887 5488 1030 5560 apud
1057 5488 1359 5572 Danubium
1387 5489 1545 5546 sedes
1570 5489 1823 5574 habuisse
1844 5501 2035 5550 auctor
2058 5500 2116 5562 1)
2140 5495 2442 5567 significant
2473 5499 2691 5555 nemine
2721 5501 3013 5556 resistente
3046 5501 3401 5570 irruptionem
3431 5503 3490 5559 in
3512 5507 3742 5574 provin·

440 5574 526 5622 est
560 5563 740 5630 Diod.,
771 5560 868 5617 hb.
901 5574 953 5615 v.
988 5559 1099 5615 Sed
1125 5559 1299 5616 Graeci
1329 5576 1509 5616 rerum
1537 5560 2028 5619 ecclesiasticarum
2136 5567 2250 5622 cias
2270 5565 2544 5624 Romanas
2569 5568 2769 5627 secisse
2787 5608 2805 5638 ,
2831 5572 3078 5642 adeoque
3107 5571 3228 5629 sine
3262 5569 3435 5631 dubio
3463 5575 3744 5634 Romano-

437 5638 738 5710 scriptores
763 5632 885 5689 illos
920 5631 1108 5694 Γόθους
1139 5640 1355 5687 vocant.
1386 5633 1562 5688 Laur.
1774 5654 1784 5663 -

2135 5651 2253 5691 rum
2281 5680 2297 5706 ,
2345 5638 2392 5694 si
2436 5640 2609 5697 velint
2637 5642 2764 5698 belli
2798 5641 2978 5699 facere
3028 5644 3329 5713 periculum
3362 5685 3380 5711 ,

3477 5648 3739 5705 raevalcre

502 5711 554 5763 6.
592 5707 734 5774 Quos
754 5705 1051 5760 Alexander
1071 5700 1571 5760 evitandos.Strabo
1592 5702 1717 5757 libr.
1740 5717 1817 5758 vtt
1839 5699 2032 5761 scribit
2136 5708 2364 5766 viribus.
2416 5709 2602 5782 Neque
2649 5713 2826 5769 solum
2877 5724 3182 5783 sequuntur
3236 5712 3379 5770 hanc
3459 5719 3732 5776 ectionetn

435 5776 804 5836 Alexandrum
830 5777 882 5830 iu
906 5790 971 5831 ea
991 5773 1364 5847 expeditione,
1393 5787 1554 5845 quam
1578 5773 1841 5830 adversus
1863 5775 2029 5831 Thra-

2141 5777 2357 5836 Venetae
2397 5791 2454 5837 et
2494 5784 2667 5838 Paris.
2701 5827 2716 5852 ,
2764 5797 2955 5840 verunt
2987 5785 3314 5840 confirmant
3345 5789 3576 5857 quo‘que
3603 5806 3734 5847 mss.

435 5862 531 5904 cas
569 5859 719 5905 trans
744 5847 963 5905 AEmum
992 5847 1299 5931 incolentes
1328 5845 1609 5929 suscepit,
1648 5845 1715 5903 ad
1745 5842 1902 5902 Getas
1931 5861 2027 5919 pe-
2132 5847 2307 5922 Lugd.
2346 5852 2487 5908 Batt.
2530 5867 2612 5923 pr.
2655 5861 2715 5909 et
2742 5862 2923 5924 quart.
2961 5852 3115 5910 Meus
3155 5853 3350 5912 scribit
3385 5865 3551 5913 ιοιοε.
3578 5861 3731 5931 Quod

432 5926 680 5977 netrassc
707 5964 722 5991 ,
768 5932 1068 5991 eorumque
1111 5925 1393 5980 civitatem
1418 5932 1476 5974 tn
1499 5930 1674 5983 suam,
1694 5926 2025 5988 potestatem
2131 5923 2344 5981 veroin
2371 5924 2597 5996 reliquis
2621 5931 2706 5982 est
2730 5923 2825 5980 toti
2843 5921 3133 5996 Romanos,
3160 5933 3272 5983 ete.
3300 5923 3469 5988 nihili
3489 5938 3598 5989 est.
3646 5986 3668 6007 ⁴
