4192 6434
217 359 286 418 tbttt
920 356 1022 416 unum
1042 355 1156 417 OROSil
1797 354 1869 415 idid

216 495 312 549 gressu
327 493 341 536 a
357 477 497 535 britannis
510 478 611 545 rietus,
628 478 647 510 ¹¹
671 477 762 548 ibique
781 475 917 532 Labienus
930 475 1014 532 tribu·
1028 477 1053 542 Α
1068 485 1140 533 tatus
1159 486 1212 533 est.
1229 476 1351 550 Namque
1362 478 1373 510 ¹
1386 475 1527 534 Ambiorix
1556 490 1617 533 enm
1643 476 1821 534 Eburonibus
1839 485 1870 535 et

216 587 268 628 ntts
282 572 389 627 occisus
402 578 456 627 cst.
470 569 597 626 &cundo
608 569 704 640 praeiio
713 583 776 625 ctam
788 583 889 641 magno
901 584 1013 625 suorum
1066 570 1226 627 ’Aduuticis
1239 570 1413 642 conspirans,
1427 570 1564 626 animatus
1578 569 1589 601 ⁸
1604 569 1787 628 Treuirorum
1801 583 1869 625 con·

216 665 376 722 discrimine
399 664 487 720 uictos
501 663 648 718 Britannos
663 663 689 717 in
710 660 799 733 lugam
812 664 833 695 ¹¹
844 663 936 719 vertit.
949 661 1015 718 lnde
1065 663 1137 728 silio,
1154 663 1262 720 Cottam
1282 672 1311 720 ct
1333 661 1466 720 Sabinum
1481 663 1586 735 legatos
1600 663 1611 696 ⁸
1624 661 1698 735 apud
1721 662 1868 719 Eburones

219 755 242 788 ¹¹
265 756 300 811 ad
319 756 420 811 ssurrten
446 752 602 810 Tltamesim
622 752 762 823 proiectus
781 762 833 820 est,
856 769 937 824 quem
960 767 1014 809 utto
1066 771 1128 810 curn
1145 764 1200 811 tota
1214 757 1224 788 ¹
1236 754 1360 812 lnttditns
1371 755 1478 828 legione
1489 756 1596 814 insidiis
1606 756 1814 814 circumuentos
1826 755 1869 813 in·

216 856 321 903 tanatum
339 847 401 902 loco
418 845 495 903 uadis
518 845 739 901 transmeabilem
762 844 863 901 lerunt.
880 844 907 900 lu
934 845 1014 915 liujus
1068 847 1183 904 ter-lecit.
1199 848 1340 904 ntttbiorix
1363 847 1414 905 ltac
1429 847 1541 905 uictoria
1557 849 1656 918 elatus,
1674 848 1827 906 Aduaticos
1838 856 1868 906 et

218 942 348 998 ulteriore
374 942 445 1012 ripa,
460 941 481 971 ¹¹
496 938 699 995 Cassiuellauno
711 944 792 1006 duce,
807 940 938 994 immensu
954 939 1015 994 lans·
1066 942 1179 1000 Nervios
1193 942 1378 1015 plurimosque
1388 943 1456 999 alios
1467 943 1565 1014 raptim
1581 942 1608 999 itt
1619 957 1698 999 arma
1712 942 1866 1013 contrahit,

217 1035 285 1091 tium
311 1033 456 1090 multitudo
477 1036 657 1102 consederat,
681 1034 823 1104 ripamque
844 1033 963 1090 duratrinis
981 1049 1015 1090 uc
1065 1042 1145 1101 atquc
1160 1036 1170 1067 ⁷
1186 1034 1221 1091 ad
1237 1033 1397 1093 Ciceronem
1425 1035 1559 1106 legatum,
1584 1033 1633 1106 qni
1655 1035 1785 1092 similiter
1804 1044 1866 1093 luae

216 1147 286 1204 pene
302 1141 387 1188 totum
399 1132 450 1187 sub
460 1144 528 1201 aqua
539 1130 638 1185 vadum
647 1128 811 1185 acutissimis
822 1129 935 1186 sudibus
946 1145 1015 1200 pru·

218 1235 365 1281 struxerat.
382 1224 461 1292 Quod
479 1223 551 1281 abta
566 1222 698 1279 Romanis
712 1222 913 1295 deprehensum
929 1239 961 1280 ae
979 1222 1015 1278 ui·

218 1327 303 1374 tatum
316 1324 369 1384 cst,
385 1315 507 1385 barbari,
523 1315 660 1386 legionum
671 1314 801 1384 impetum
813 1329 866 1370 non
883 1313 1013 1382 inretitos,

218 1410 297 1466 siluis
310 1423 372 1465 sese
386 1407 526 1477 abdidere,
543 1407 616 1463 urtde
638 1407 743 1464 crebris
758 1407 949 1479 eruptionibus
961 1405 1016 1461 ilo·

217 1515 314 1557 manos
326 1501 446 1573 graviter
468 1514 501 1555 ac
515 1514 588 1570 sape
602 1500 771 1556 lacerabant.
797 1500 901 1557 interca
918 1499 1016 1556 Trino-

218 1592 331 1651 bantnnt
346 1594 502 1649 tirmissima
514 1593 610 1649 ciuitas
625 1609 686 1649 ctum
703 1594 725 1625 ¹³
747 1593 920 1663 androgorio
934 1591 1013 1662 duce,

217 1686 290 1741 datis
305 1685 485 1756 qnadraginta
500 1683 655 1753 obsidibus,
678 1684 779 1741 Caesari
795 1699 856 1740 sese
870 1683 1013 1740 ¹¹dedtdtt.

217 1777 295 1845 Quod
317 1777 477 1848 exemplum
502 1786 602 1834 secutae
625 1777 707 1834 urbes
722 1777 784 1833 aliae
806 1778 971 1848 complures,
988 1778 1014 1832 iu

1066 1124 1164 1197 legiensi
1189 1126 1215 1181 in
1232 1125 1354 1183 bibernis
1377 1135 1513 1197 praerat,
1533 1126 1691 1183 contendit.
1717 1125 1866 1183 Multitudo

1066 1217 1186 1275 bostium
1200 1233 1233 1274 es
1246 1218 1298 1274 brae
1318 1218 1411 1290 colligi
1435 1218 1540 1289 potnit,
1555 1218 1567 1250 ⁸
1581 1219 1643 1290 qnia
1659 1218 1745 1291 390
1763 1234 1826 1276 cunr
1837 1220 1864 1275 itt

1066 1309 1209 1367 obsidione
1223 1318 1379 1366 castrorum
1403 1310 1505 1367 uallum
1525 1310 1759 1391 circumdandum
1774 1326 1864 1368 esses

1066 1404 1183 1476 captiuis
1191 1404 1323 1461 Romanis
1334 1406 1512 1474 docerentur,
1524 1415 1552 1463 et
1563 1406 1749 1463 instrumenta
1765 1407 1864 1465 ruralia

1068 1514 1121 1554 non
1139 1497 1283 1563 baberent,
1298 1497 1396 1569 gladiis
1411 1497 1582 1555 concidendo
1596 1510 1708 1565 terram,
1725 1509 1755 1556 et
1765 1499 1865 1571 sagulis

1066 1590 1246 1662 exportando,
1262 1590 1305 1645 uix
1316 1588 1403 1646 tribus
1417 1589 1493 1647 ioris
1507 1592 1518 1624 ¹
1530 1589 1630 1646 uallum
1642 1589 1745 1662 pedum
1759 1589 1864 1659 decem,

1066 1695 1094 1740 et
1108 1683 1207 1740 lessam
1230 1682 1329 1754 pedum
1352 1682 1510 1755 quindecim
1527 1682 1549 1717 ¹⁰
1566 1699 1615 1752 per
1628 1684 1715 1739 millia
1739 1699 1864 1755 passuum

1067 1776 1222 1848 quindecim
1235 1775 1389 1832 incircuitu
1402 1775 1591 1846 perleccrunt.
1603 1775 1742 1832 Praeterea
1756 1787 1865 1833 centum

216 1867 307 1925 ioedns
340 1868 523 1925 Rornanorum
556 1878 689 1925 uerterunt
704 1886 711 1922 :
735 1868 883 1940 iisdemque
904 1869 1016 1924 denton-
1031 1868 1055 1929 ll
1069 1868 1163 1939 uiginti
1177 1878 1268 1924 turres
1283 1867 1359 1923 nrirse
1374 1866 1525 1923 altitudinis
1535 1876 1748 1925 exstruxerunt.
1761 1868 1795 1924 et
1807 1884 1866 1926 cara

217 1960 383 2024 sirmatibus,
406 1959 498 2016 Caesar
524 1959 653 2031 oppidum
678 1961 699 1990 ¹¹
721 1957 918 2016 Crassivclianni
944 1961 1015 2016 iuter

217 2052 286 2106 duas
301 2052 414 2122 paludes
430 2053 528 2121 situm,
542 2052 653 2107 obtentu
675 2052 787 2121 iusuper
806 2051 936 2107 siluarum
957 2068 1015 2107 mu·

218 2147 316 2211 nitmn,
332 2146 515 2217 omnibusque
537 2144 621 2202 rebus
645 2144 888 2213 cotalertissinmm,
905 2146 1013 2204 tandem

218 2237 294 2308 grati
312 2250 402 2309 pugna
426 2239 508 2310 cepit.

483 2353 564 2427 ³97
584 2353 697 2411 turbt
717 2354 751 2409 x.

218 2486 347 2544 Gaesarem
376 2490 500 2545 ndttersns
526 2506 619 2545 nouam
642 2490 779 2546 Gallorum
799 2492 1015 2563 cottspirationem

308 2565 453 2633 profestum
466 2562 558 2633 luisse,
579 2578 673 2633 eosque
687 2565 770 2617 dentre
785 2564 924 2636 subegisse.

1065 1960 1122 2030 jam
1137 1969 1242 2031 septem
1254 1961 1313 2016 dies
1336 1969 1485 2031 noctesque
1506 1959 1629 2016 succidui
1654 1961 1774 2016 bestium
1789 1963 1867 2019 cunci

1069 2062 1236 2125 purgatorem,
1261 2053 1282 2085 ¹¹
1304 2067 1335 2108 ae
1361 2060 1458 2108 centus
1484 2051 1576 2109 subito
1599 2052 1738 2123 plurimus
1756 2062 1867 2109 exortus

1069 2156 1158 2212 esset,
1183 2144 1422 2201 testaslcrucntes
1437 2143 1574 2200 intorsere
1592 2143 1695 2214 iurrdls,
1712 2146 1734 2179 ¹¹
1749 2143 1867 2202 basama-

1070 2247 1150 2307 taqnc
1170 2236 1238 2292 loeis
1255 2237 1326 2304 tela,
1347 2253 1379 2293 ac
1397 2252 1462 2293 mos
1482 2244 1618 2309 concepto
1631 2239 1694 2306 igue
1711 2238 1864 2306 rutilantis,

1070 2331 1092 2363 ¹⁸
1107 2330 1180 2386 intra
1194 2339 1282 2386 castra
1304 2331 1441 2400 jecerunt.
1461 2329 1522 2399 Qaao
1549 2330 1621 2386 iacto
1638 2331 1660 2363 ¹¹
1680 2346 1732 2402 per
1751 2332 1865 2389 cularina

1070 2422 1169 2493 raptim
1190 2429 1287 2476 centias
1312 2420 1457 2488 insistens,
1484 2436 1609 2492 sparsum
1622 2422 1758 2480 animarit
1776 2422 1866 2481 inces-

1069 2514 1156 2571 dium.
1179 2514 1232 2570 Sed
1249 2514 1271 2547 ¹⁸
1287 2529 1321 2570 ue
1335 2515 1498 2587 sicquidem
1513 2515 1647 2583 Romani,
1670 2533 1733 2573 curn
1751 2518 1864 2590 tradique

1068 2607 1260 2677 obruerentur,
1271 2608 1440 2674 vulneribus,
1454 2605 1607 2675 laboribus,
1621 2608 1735 2678 uigiliis,
1745 2610 1863 2681 jeiuniis,

131 4320 134 4325 .
219 4271 310 4343 launo,
326 4273 533 4343 Cassibslluuno,
550 4283 577 4330 ct
590 4272 833 4332 Gassoicllauunm.

255 2694 324 2751 Exin
344 2693 437 2751 Caesar
453 2695 461 2728 ¹
478 2709 494 2750 a
517 2695 656 2752 Britannis·
676 2711 804 2753 resersus
826 2697 853 2753 in
880 2698 1015 2768 Galliam,
1069 2699 1259 2772 incendiisque
1272 2710 1427 2757 cesserunt.
1451 2700 1573 2757 Tandem
1595 2700 1700 2759 Caesari
1716 2704 1864 2761 tantatiatum

218 2798 364 2859 postquam
378 2787 500 2859 legiones
514 2789 541 2844 in
553 2787 666 2845 hiberna
691 2789 781 2853 misit,
795 2791 946 2861 repentinis
960 2792 1017 2849 bel·
1068 2800 1122 2859 est,
1137 2808 1218 2847 unam
1231 2792 1350 2850 deletam
1363 2809 1426 2850 esse
1442 2794 1586 2866 legionem,
1598 2794 1713 2853 alteram
1726 2797 1785 2868 iarn
1800 2814 1864 2870 pcnc

218 2883 307 2940 losum
322 2882 485 2939 tumultibus
500 2882 619 2954 undique
641 2883 885 2940 circumventosa!
902 2885 1016 2942 cortile·
1067 2885 1234 2943 conlectam.
1255 2885 1427 2943 Adventante
1453 2886 1475 2918 ¹⁸
1497 2901 1559 2943 curn
1581 2886 1690 2944 duabus
1715 2889 1863 2963 legionibus

864 2978 1091 3038 ttuusncnttet
1111 2980 1227 3037 NOTAE.

256 3069 302 3127 li.
323 3068 413 3141 ibique
434 3067 573 3125 Labienus.
595 3069 725 3126 Labienus
740 3079 783 3127 est
807 3071 833 3126 in
855 3073 968 3127 vetustis
986 3081 1015 3127 et

217 3139 329 3267 ll)ieobeFrti
345 3140 431 3197 libris.
442 3141 533 3197 easar
547 3140 596 3197 tib.
608 3157 635 3208 v,
651 3142 684 3209 Q.
701 3142 838 3198 Laberium
852 3139 954 3198 Durum
968 3143 1054 3209 hnc

253 3219 272 3266 i.
309 3226 370 3267 ibit.

253 3282 298 3339 li.
317 3282 410 3339 Vertit.
430 3282 516 3349 Ltsgd.
533 3283 592 3339 Bal.
606 3299 661 3356 pr..
677 3285 813 3341 cottoertit.

257 3355 301 3409 15.
317 3353 627 3425 summasunmna.
651 3354 679 3410 ln
700 3370 766 3412 nass.
784 3357 883 3428 iegitur
901 3356 1013 3414 Tamen·

219 3426 278 3490 sim,
292 3421 479 3496 Turraniensim,
504 3426 641 3496 Tamesiet,
668 3425 792 3481 Tuncsin.
814 3429 892 3484 licict
914 3431 1012 3499 flumen

219 3509 290 3550 nnus
308 3502 336 3550 et
348 3494 417 3551 alter
435 3512 470 3552 ex
486 3511 564 3560 mss..
582 3497 674 3567 piures
689 3498 793 3569 aliquot
807 3499 940 3569 abjiciunt
961 3512 1009 3557 est.

257 3566 300 3620 li.
324 3563 518 3623 Cassiuellauno
540 3570 614 3622 durs.
632 3567 660 3623 iu
683 3584 761 3635 mss,
788 3569 1013 3639 caeercituum,-

218 3636 260 3691 sic
272 3636 392 3706 Longob.
415 3638 476 3694 cud.
499 3639 551 3694 tilii
570 3637 777 3704 cassibellauno,
794 3639 1011 3710 cassobellauno,

220 3705 437 3777 Custopcllanno,
453 3718 480 3766 et
495 3709 614 3780 denique
627 3708 811 3765 Cassiuellauno.

1103 3599 1130 3653 5.
1150 3596 1338 3668 inarctatum
1351 3599 1453 3657 nostris
1465 3599 1660 3671 manuscriptis
1671 3599 1733 3656 iere
1742 3598 1861 3655 omatibus

1067 3666 1112 3724 ltic
1124 3676 1153 3724 et
1166 3683 1248 3738 supra
1258 3684 1318 3739 cup.
1332 3670 1350 3726 7
1362 3672 1477 3727 Atatatici
1491 3673 1680 3741 nominantur,
1697 3685 1772 3740 qum
1786 3670 1861 3739 uulgo

1066 3740 1210 3794 Adstaticos
1223 3750 1334 3797 valcant.
1351 3743 1399 3799 blo
1422 3757 1530 3813 quoque
1545 3743 1608 3800 illos
1622 3743 1803 3805 ἰτιυιιτιιιιὺς
1818 3757 1860 3809 ap·

219 3778 532 3906 uvisigrrlflcgffissgiin
546 3779 688 3838 Gualtlteri
708 3781 778 3836 libro
789 3791 843 3844 est.
866 3783 1011 3867 Arrdrqqio.
1068 3811 1160 3880 pena·
1177 3811 1233 3867 „⁰5
1242 3812 1336 3869 emar
1352 3812 1398 3869 m).
1414 3831 1441 3882 v.
1454 3814 1532 3870 com
1545 3824 1572 3870 et
1584 3814 1689 3870 sabim
1704 3809 1861 3875 interram·

492 3868 546 3906 mm
564 3861 653 3906 ‘'⁰⁰²''
677 3850 760 3907 ΕΜ·
775 3883 810 3894 “
823 3852 897 3910 ΠΜ·
918 3870 1011 3926 pum,
1067 3896 1098 3937 se
1108 3896 1169 3938 cum
1183 3882 1345 3954 Ambiorige
1357 3884 1532 3955 conjunxisse
1544 3886 1592 3940 ait.
1610 3884 1696 3940 Fran.
1713 3915 1750 3926 ·-
1763 3882 1862 3938 dumd-

220 3929 283 4046 lAerl·
308 3930 336 4003 el
357 3930 413 3977 ¹¹⁸⁵
435 3937 470 3978 0¹
493 3922 580 3994 Lugd.
601 3922 686 3987 Basta
707 3938 768 3978 ⁶¹¹¹¹¹
784 3924 855 3981 ⁶⁰¹¹·
878 3926 1011 3993 ⁴³¹⁰¹¹⁰⁹n
1066 3953 1104 4008 cis
1147 3968 1236 4024 troque
1258 3953 1351 4011 incerti
1375 3956 1402 4011 in
1423 3954 1557 4015 Florenti.
1583 3956 1736 4013 duobusct
1749 3963 1860 4028 quatuor

243 3993 363 4073 ndroqso.
387 3992 462 4050 Flor.
479 4009 534 4051 sec.
551 4003 578 4050 et
597 4007 654 4049 sec.
672 3993 757 4067 bugd.
775 3993 832 4051 liat.
853 4011 915 4053 euna
932 3995 1011 4066 Uitr..
1068 3969 1153 4095 pugi,
1169 4024 1241 4080 gap,

219 4062 361 4134 Andmiw·
380 4134 385 4145 .
408 4135 413 4146 .
565 4136 572 4149 .
717 4137 723 4149 .
1102 4097 1130 4151 i.
1153 4094 1327 4153 Treuirorum.
1340 4096 1464 4154 Floreat.
1481 4112 1522 4168 pr.
1538 4107 1567 4154 et
1586 4107 1664 4166 tert,
1680 4097 1860 4155 dresserum.

256 4132 301 4186 ’θ’
318 4133 434 4218 l'fd'in·
449 4133 648 4220 ‘⁰⁸⁸5‘iu'd'm’
663 4136 746 4220 iem·
890 4207 895 4226 .
1103 4167 1131 4223 5.
1150 4166 1227 4237 Apud
1252 4168 1395 4225 Eburones.
1419 4167 1507 4242 Lugd.
1535 4168 1607 4227 Batt.
1628 4179 1769 4243 quatuor,
1795 4166 1860 4240 apud

257 4203 302 4256 ti.
324 4203 522 4259 basanellanm.
548 4206 626 4268 ilas..
648 4205 859 4277 cassobellauno,
874 4209 1012 4265 iassoicl-
1068 4235 1220 4293 mmmm·

1102 4307 1129 4363 tt.
1152 4306 1392 4382 Faarditus.Lngd.
1409 4311 1470 4367 bat.
1487 4321 1579 4383 quart.
1595 4312 1686 4367 simul.

1103 4380 1130 4438 7.
1151 4380 1192 4435 ald
1203 4378 1362 4437 Ciceronem.
1376 4380 1409 4448 Q.
1420 4382 1536 4437 Tullium
1549 4382 1701 4439 Ciceronem
1715 4382 1798 4439 ilarci
1812 4380 1860 4437 irt-

1093 4466 1148 4515 em,
1162 4451 1278 4505 Caesaris
1290 4452 1575 4523 legaturucasarttb.
1590 4453 1791 4522 u,iiiolils.st..
1801 4450 1859 4509 i'ss.

1101 4523 1130 4577 8.
1152 4522 1230 4586 Quia.
1246 4521 1294 4576 lid.
1312 4537 1368 4593 pm,
1383 4524 1464 4591 quod.

1100 4592 1128 4647 9.
1152 4592 1258 4647 Vallum
1281 4594 1488 4665 peduutdeccuu.
1514 4595 1617 4663 Caesar,
1644 4596 1710 4666 poti.
1731 4612 1761 4653 xt
1775 4594 1859 4651 babet.

1090 4680 1103 4717 s
1119 4677 1152 4718 co
1166 4664 1237 4733 quod
1254 4665 1386 4735 sequitur,
1402 4682 1449 4738 per
1464 4667 1547 4722 cirillia
1560 4683 1692 4739 pessuma
1705 4666 1858 4739 quindenis,

1064 4734 1240 4803 cognoscitur
1261 4735 1397 4805 quemodo
1412 4737 1448 4791 sit
1462 4736 1608 4807 legendum
1628 4737 1701 4811 apud
1715 4736 1856 4797 emnem

1065 4806 1111 4861 niti
1133 4804 1243 4876 quidam
1261 4804 1323 4861 libri
1338 4822 1390 4872 su,
1406 4810 1499 4863 caeteri
1519 4824 1552 4875 s,
1569 4808 1655 4863 urillia
1678 4822 1805 4877 passm
1817 4806 1858 4861 lta

219 4909 226 4921 .
794 4918 799 4929 .
905 4849 1013 4933 ⁹i⁰¹¹¹¹¹⁸
1065 4875 1141 4941 bens.
1158 4877 1185 4931 iu
1199 4890 1251 4947 qua
1262 4878 1397 4933 uarietate
1412 4877 1498 4935 laceret
1513 4878 1677 4936 Glareanus.
1694 4878 1780 4936 Faus.

217 4911 1016 5055 anenadgczsglglbiffliuoril{lyimifflffirdtsspagaststgigrgzp'g'qgetssaffis
1068 4945 1219 5088 Aquthslibr
1231 4945 1315 5003 millia
1337 4965 1462 5023 passuum
1475 4950 1633 5020 qutirrdeeiut.
1653 4950 1761 5008 Absuut
1774 4948 1807 5005 ab
1817 4946 1855 5004 ed.

218 5051 305 5120 mati,
321 5063 403 5123 atque
416 5055 451 5109 ab
465 5054 639 5111 Eburonibus
652 5071 733 5113 cusos
753 5057 839 5115 larissa
860 5063 1015 5117 nummulos
1104 5090 1148 5144 fl·
1168 5088 1206 5142 A,
1220 5098 1319 5146 „nm
1335 5090 1421 5162 ιω.
1439 5089 1498 5149 333·
1513 5102 1615 5165 qum„
1631 5109 1693 5149 cm
1706 5102 1808 5148 mm·

217 5121 841 5270 analtastultusilit'aaa0¹⁰
856 5130 1015 5205 ¹¹¹¹
1171 5159 1380 5235 qam...
1403 5161 1490 5236 ¹¹¹·
1505 5164 1568 5222 ¹¹·
1588 5174 1679 5238 ¹¹¹·
1693 5205 1702 5235 ·
1717 5164 1857 5239 ¹¹¹*

1104 5304 1148 5360 lb.
1162 5302 1254 5386 ‚lutra
1267 5302 1388 5361 i'lorent.
1402 5320 1444 5378 pr.
1459 5315 1488 5364 et
1499 5314 1577 5376 tert,
1594 5321 1658 5365 cum
1671 5306 1764 5365 tribus
1777 5300 1855 5377 Lagi.

1068 5374 1149 5500 Baii.
1158 5382 1362 5503 ''iiii'eatmtan
1375 5446 1487 5505 liuberti
1501 5450 1572 5507 liber
1586 5448 1681 5521 isabel,
1720 5448 1855 5504 erasisset

1069 5516 1194 5570 culmina.
1205 5515 1313 5590 Tulcgc
1322 5514 1470 5577 demna.
1484 5520 1567 5578 Faus.
1581 5552 1618 5564 -
1632 5521 1691 5592 Lug
1714 5559 1722 5573 .
1737 5518 1796 5577 Bat.
1808 5526 1857 5573 tres

1069 5588 1358 5715 {fciiif'grisiiiiifm'
1376 5590 1514 5648 invenitur
1525 5602 1619 5649 cunata
1634 5591 1781 5665 quoquein
1793 5588 1857 5647 utar.

1106 5728 1151 5782 tlt.
1174 5730 1216 5783 Nc
1229 5730 1390 5802 sicquidem.
1406 5732 1491 5807 Lttgd.
1503 5733 1562 5791 Bul.
1580 5743 1670 5806 qttarl.
1684 5744 1716 5793 el
1730 5732 1794 5793 olid.
1803 5730 1858 5805 qui·

1071 5797 1132 5854 dam
1148 5801 1251 5856 mallant
1264 5817 1309 5856 uec
1322 5802 1486 5874 sicquidem.

1108 5869 1152 5928 lli.
1172 5870 1237 5927 Cum
1251 5871 1352 5930 duabus
1365 5875 1517 5949 teqtnmlm.
1535 5876 1675 5939 iteraret.
1691 5877 1790 5937 scribit
1804 5872 1858 5933 (⁸2-

256 4340 320 4399 Cne.
334 4343 435 4400 x.-t.
449 4345 619 4401 Ailritannis.
635 4346 684 4401 Ed.
698 4349 829 4417 tangant,
839 4367 855 4404 a
865 4350 1012 4409 Britannia.

255 4414 283 4467 Ξ.
304 4415 438 4472 Artabioris
448 4434 508 4472 cunt
520 4416 694 4474 Ebttronlbus.
710 4420 774 4475 biso.
790 4420 881 4486 plures
890 4422 1015 4480 scribunt
1065 4459 1091 4506 u.

220 4483 423 4542 Elaronatiius.
439 4489 598 4546 Memoriam
622 4490 714 4546 lacrois
738 4488 840 4561 itatius,
865 4495 1014 4565 patriasque

218 4556 355 4612 libertatis
370 4561 579 4629 propugnatoris
600 4561 742 4629 acerrimi,
759 4552 1053 4621 seruantnummnlii)

218 4630 340 4697 argentei
359 4629 483 4699 antiqui,
505 4632 540 4686 ab
560 4630 737 4689 Eburonibus
760 4634 829 4689 cusi.
847 4634 1011 4691 Exlribcnta
1066 4665 1085 4718 f

218 4708 296 4767 parte
317 4700 424 4770 priore,
437 4699 471 4756 uti
495 4702 679 4758 liutuaunrutn
694 4704 870 4760 dcttnriorum
886 4706 1014 4763 similitu·
1078 4702 1086 4718 ‘

217 4768 322 4835 dinem,
337 4782 420 4839 caput
428 4772 570 4839 natalicius,
586 4773 713 4841 Virtutis,
731 4786 759 4829 ut
773 4787 849 4843 pasto,
865 4779 941 4847 galea
956 4778 1014 4832 ala·

219 4848 244 4892 ta
268 4847 381 4907 lectuna,
396 4856 457 4897 cum
473 4845 594 4914 ascripto
616 4844 726 4900 ucrttiue
741 4845 849 4912 dubl..
863 4857 892 4902 et
