4192 6434
445 360 556 420 ‘tos

448 488 596 537 runt.
623 490 670 522 ¹¹
699 476 890 535 Sensit
916 475 1110 533 Darius
1135 473 1241 531 ltoc
1277 471 1534 530 damnum
1585 488 1598 525 :

445 570 793 643 fugatusque,
818 569 1054 639 arreptis
1079 564 1333 632 navibus,
1366 563 1568 634 refugit
1591 560 1645 618 in
1666 561 1886 617 PersaS.
1911 557 2045 614 Cum

447 676 626 721 autem
662 663 994 719 instauraret
1023 661 1254 728 bellum,
1284 668 1340 716 et
1365 658 1555 715 ulcisci
1580 657 1633 713 in
1666 656 1904 712 victores
1935 669 2051 710 mo·

446 754 657 821 liretur,
694 755 750 810 in
781 754 903 827 ipso
922 762 1185 824 apparatu
1200 750 1464 819 coincidit,
1488 748 1800 823 olympiade
1826 743 2049 817 septua-

448 847 657 919 gesima
689 856 903 919 quarta,
937 846 1041 900 boc
1065 852 1169 910 est,
1194 852 1317 914 post
1345 841 1546 899 Urbem
1583 840 1856 897 conditam
1906 852 2051 894 anno

452 957 694 1008 cccxxv,
718 957 825 1012 quo
854 952 1105 1012 tempore
1136 940 1325 995 Roma:
1343 944 1390 977 ’θ
1406 934 1633 1010 Popillia
1664 937 1817 1010 virgo
1844 935 1914 991 ob
1936 934 2049 990 cri·

449 1050 574 1091 men
599 1035 773 1105 stupri
796 1034 914 1090 viva
944 1032 1163 1089 defossa
1195 1040 1300 1088 est.

1062 1163 1292 1221 CAPUT
1332 1161 1423 1218 IX.

450 1279 651 1338 Xerxes
672 1320 688 1346 ,
720 1297 810 1336 rex
835 1279 1118 1338 Persarum
1140 1323 1154 1347 ‚
1187 1295 1303 1333 cunt
1331 1278 1745 1334 numerosissimo
1775 1277 2004 1332 exercitu
2026 1318 2041 1343 ,

520 1370 554 1407 a
582 1352 620 1408 S
661 1353 866 1407 artonis
884 1353 1092 1425 paucis,
1127 1352 1256 1405 duce
1285 1346 1537 1420 Leonida,
1560 1348 1819 1421 ingentem
1846 1347 2046 1403 cladem

521 1439 613 1478 acc
635 1424 742 1494 pit,
768 1429 984 1495 astuque
1011 1419 1249 1476 uincitur.

454 1629 461 1636 ,
519 1553 768 1624 Xerxes,
820 1561 835 1589 ¹
889 1557 1048 1614 Dario
1101 1557 1240 1628 patri
1295 1557 1347 1612 in
1402 1523 1626 1629 regnum
1703 1555 2043 1623 succedens,

452 1651 686 1714 bellum.
717 1652 980 1707 adversus
1001 1651 1264 1708 Graeciam
1307 1665 1337 1705 a
1385 1660 1538 1721 patre
1574 1664 1735 1705 susce
1779 1659 1923 1716 tum,
1949 1665 2046 1720 per

447 1744 878 1824 quinquennium
928 1742 1187 1816 instruxit
1218 1759 1231 1795 :
1265 1743 1286 1773 ²
1321 1742 1464 1808 qnod
1511 1666 1835 1797 bernardus
1876 1742 2043 1797 Laee-

1495 346 1967 411 ntSTontARtJtt
2006 341 2213 405 LlBER
2252 341 2316 401 n.
2356 341 2511 401 CAP.
2552 342 2647 401 lx.

1645 470 1692 504 ¹³
1712 477 1837 523 nam
1865 465 2041 522 victus
2073 467 2117 527 Α
2147 467 2324 520 torum
2346 457 2416 517 de
2436 467 2626 531 regno,
2649 466 2704 515 et
2739 462 2975 515 trecenta
3000 453 3167 511 millia
3190 452 3212 486 ⁴
3236 452 3306 511 du
3318 441 3558 520 auxiliis,
3588 441 3747 525 110

3636 323 3746 391 m

2155 555 2178 589 ⁸
2218 553 2482 613 rostratas
2521 545 2686 608 etiam
2715 563 2881 606 naves
2911 548 3060 604 mille
3085 546 3378 611 ducentas,
3403 544 3426 577 ⁸
3465 543 3747 599 onerarias

2160 658 2341 704 antem
2395 647 2498 701 tria
2550 642 2720 700 millia
2771 656 2996 696 numero
3052 639 3309 694 babuisse
3358 645 3639 700 narratur:
3689 641 3750 691 ut

2154 742 2353 798 merito
2398 738 2680 809 inopinato
2708 732 2974 792 exercitui
3006 734 3393 800 immensaeque
3419 727 3577 785 classi
3607 727 3629 759 '¹
3657 725 3746 782 rix

2154 837 2221 889 ad
2269 841 2461 903 potum
2514 829 2770 896 flumina,
2803 826 2894 881 vix
2927 835 3100 880 terras
3147 822 3214 877 ad
3263 822 3605 893 ingressum,
3653 818 3745 875 νὴ

2154 925 2325 983 maria
2381 923 2446 980 ad
2488 933 2706 979 cursum
2746 918 3028 976 suffecisse
3058 923 3416 973 memoratum
3468 914 3557 970 sit.
3610 913 3746 969 llule

2153 1028 2263 1075 tam
2314 1015 2623 1073 incredibili
2671 1012 3006 1086 temporibus
3059 1008 3263 1065 nostris
3302 1007 3537 1080 agmllii,
3588 1005 3744 1075 cujus

2159 1125 2446 1168 numerum
2480 1122 2627 1164 nune
2652 1103 2930 1162 dilllcilius
2956 1109 3041 1160 est
3066 1100 3235 1157 astrui
3255 1142 3270 1169 ,
3294 1107 3457 1173 quam
3491 1108 3619 1155 tunc
3646 1098 3749 1154 ruit

2149 1205 2294 1259 vinci
2322 1245 2337 1271 ‚
2367 1204 2389 1237 ⁸
2433 1199 2704 1267 Leonida,
2748 1212 2841 1254 rex
2888 1197 3320 1268 Spartanorum,
3361 1195 3484 1248 cum
3512 1199 3745 1262 quatuor

2153 1296 2396 1352 millibus
2439 1294 2718 1349 bominum
2750 1292 2804 1347 in
2836 1288 3099 1362 angustiis
3127 1286 3613 1358 Thermopylarum
3644 1282 3742 1339 ob-

2150 1388 2307 1446 stitit.
2344 1386 2557 1442 Xerxes
2584 1394 2763 1441 autem
2788 1427 2802 1451 ,
2831 1391 3146 1449 contemptu
3172 1377 3459 1451 paucitatis
3485 1375 3740 1444 objectzc,

2153 1480 2276 1535 iniri
2307 1492 2580 1549 pugnam,
2610 1475 2826 1533 conseri
2855 1488 3075 1528 manum
3106 1472 3360 1542 imperat.
3396 1468 3564 1524 Porro
3608 1467 3689 1523 illi
3721 1506 3738 1533 ,

2149 1587 2378 1646 quorum
2425 1570 2641 1642 cognati
2672 1575 2728 1625 et
2761 1565 3264 1638 ‘commanipulares
3294 1562 3345 1617 iu
3391 1560 3595 1629 campis
3632 1558 3742 1613 Ma-

2148 1666 2415 1722 rathoniis
2438 1662 2835 1726 occubuerant,
2859 1668 2916 1715 et
2944 1656 3262 1714 certaminis
3297 1649 3459 1709 simul
3490 1662 3544 1707 et
3568 1650 3743 1707 cladis

2147 1761 2411 1816 exstitere
2445 1755 2792 1827 principium.
2843 1750 3052 1807 Deinde
3103 1749 3407 1807 succedens
3448 1744 3552 1800 sibi
3585 1743 3739 1798 turba

445 1836 750 1892 daemonius
769 1880 784 1904 ‚
818 1835 911 1905 qui
952 1843 1079 1890 tunc
1108 1834 1247 1890 lorle
1274 1834 1416 1904 apud
1449 1832 1683 1890 Xerxem
1716 1832 2033 1901 exsulabat,
2070 1852 2116 1912 B
2147 1850 2320 1920 majo,-
2341 1863 2404 1903 20
2426 1847 2668 1918 segnior,
2691 1859 2812 1901 cum
2832 1842 2943 1914 jam
2971 1885 2985 1907 ‚
3012 1855 3188 1913 neque
3212 1833 3279 1893 nd
3313 1834 3740 1909 procurrendum

443 1945 546 2001 per
575 1929 803 1985 tabellas
834 1930 1066 1998 primum
1095 1929 1330 1999 scriptas
1355 1968 1371 1994 ,
1402 1927 1603 1984 deinde
1645 1937 1863 1984 ceratas
1884 1968 1900 1994 ,
1930 1928 2044 1985 suis

445 2020 706 2092 prodidit.
763 2020 931 2093 lgitur
957 2023 978 2054 ⁸
1019 2020 1226 2078 Xerxes
1256 2021 1596 2092 septingenta
1647 2020 1816 2079 millia
1859 2036 2039 2077 arma-

2157 1940 2324 1996 libers
2348 1981 2364 2007 ,
2396 1943 2416 1974 ⁹
2448 1952 2625 2009 neque
2664 1936 2731 1991 ad
2765 1934 3113 2006 pugnandum
3144 1930 3397 2001 expedita
3418 1969 3435 1995 ,
3467 1939 3645 1998 neque
3672 1923 3742 1979 ad

2147 2032 2460 2106 fugiendum
2492 2039 2741 2103 prompta
2762 2070 2779 2099 ‚
2807 2029 2849 2061 ¹⁰
2880 2027 3013 2083 solis
3048 2023 3315 2082 mortibus
3345 2020 3741 2092 subrigeretur,

1727 2159 2181 2254 nsvsncsuri
2221 2165 2456 2222 nom.

442 2245 645 2316 Woll'g.
680 2245 874 2328 Lazio;
921 2246 966 2300 is
996 2246 1139 2301 enim
1169 2262 1449 2306 nummum
1481 2249 1535 2306 in
1565 2251 1873 2310 Comment.
1907 2247 2035 2312 lter.

445 2318 687 2399 Grmear.
722 2328 928 2373 inserto
954 2317 1120 2374 Thes.
1173 2320 1344 2377 Gron'.
1377 2330 1509 2376 tom.
1536 2320 1625 2392 Vl,
1651 2318 1709 2395 p.
1746 2326 1910 2396 5419,
1941 2344 2040 2398 pu·

442 2389 663 2465 blicavtt
694 2403 790 2473 prq
817 2395 1042 2446 ΜΔΡΔΘ.
1076 2390 1113 2447 i.
1143 2406 1192 2447 e.
1225 2403 1635 2461 MAPAOONtmt,
1674 2394 2038 2454 Marathonio·

450 2475 587 2514 rum.
622 2455 679 2516 ln
709 2474 891 2530 priore
926 2460 1133 2518 nummi
1170 2474 1323 2533 parte
1352 2467 1599 2523 cernitur
1626 2468 1810 2525 vultur
1854 2470 2046 2541 ungui·

2150 2259 2250 2335 bus
2271 2278 2520 2329 anguem,
2543 2245 2723 2316 rostro
2748 2257 2886 2330 lauri
2912 2242 3103 2332 tenens
3137 2241 3370 2322 ramum,
3396 2221 3741 2328 priusayium

2148 2334 2462 2388 earumdem
2484 2330 2694 2397 copiam
2726 2329 2782 2384 bt
2809 2319 3063 2384 venatum¹
3125 2313 3423 2397 signillcalz
3499 2320 3745 2382 'osterius

2151 2401 2221 2457 ad
2249 2404 2490 2460 nobilem
2516 2402 2798 2459 victoriam
2830 2400 2899 2455 de
2928 2399 3109 2455 Persis
3133 2406 3215 2455 cst
3244 2395 3461 2453 reteren
3505 2409 3615 2451 um.

518 3344 615 3398 22.
659 3343 852 3427 §etesia
895 3344 1112 3426 Atllndit
1155 3344 1222 3402 ad
1269 3344 1321 3402 id
1374 3344 1706 3418 quodmodo
1745 3331 2053 3422 praecessit.
2087 3355 2133 3418 C
2166 3371 2303 3412 unce
2361 3356 2599 3414 naviuin.
2643 3359 2800 3425 Apud
2847 3358 3125 3414 Diod.lib.
3163 3373 3198 3413 ιι
3232 3364 3582 3412 numerantur
3602 3355 3749 3424 ejus-

450 3415 697 3483 Quamtns
738 3416 872 3470 hunc
911 3433 1223 3471 annssorunt
1263 3434 1563 3486 ntmtrrunt,
1597 3431 1729 3484 etc..
1782 3423 2040 3489 perditum
2147 3434 2270 3487 «lem
2317 3430 2509 3485 classis
2535 3441 2652 3493 νῆις
2672 3433 2951 3504 σύμπασαι
2980 3433 3178 3509 μακραὶ
3205 3431 3412 3490 πλείους
3438 3436 3539 3485 τῶν
3563 3430 3747 3503 χιλίων

446 3487 541 3542 ille
563 3502 664 3541 non
693 3488 868 3541 sensit.

517 3555 610 3612 23.
657 3556 790 3611 Natu
830 3558 1008 3613 rictus.
1043 3559 1139 3612 tid.
1174 3562 1289 3632 Aug
1321 3607 1336 3631 ,
1362 3564 1477 3634 jam
1509 3564 1693 3618 uictus.
1728 3564 1835 3619 Sed
1864 3565 2037 3635 Lugd.

445 3627 589 3684 Bau.
636 3635 748 3682 tri-s
781 3643 900 3683 cunt
933 3629 1072 3686 coll.
1116 3629 1354 3685 Gronov.
1377 3676 1392 3703 ,
1420 3651 1539 3688 num
1569 3645 1756 3688 molus.
1793 3640 1871 3688 An
1901 3638 2040 3692 scri-

446 3700 680 3754 bendum
707 3699 969 3755 submotus
993 3703 1344 3774 sttyntusqnc?

515 3770 609 3825 24.
643 3768 892 3853 'Popillia
950 3772 1111 3843 riryo.
1148 3773 1335 3843 Magna
1392 3777 1628 3831 varietas
1670 3783 1754 3832 cst
1798 3779 2041 3847 inhujus

447 3842 685 3896 Vestalis
728 3845 946 3897 nurnine
990 3845 1158 3909 Qunam
1185 3847 1331 3900 enim
1360 3847 1584 3901 Onosius
1615 3847 1700 3902 hic
1733 3846 2038 3915 Popillium,

447 3912 739 3995 Diony-ius
780 3914 875 3966 lib.
932 3930 1021 3968 ιιιι
1064 3918 1333 3989 'nn-tuias,
1363 3917 1540 3972 liviu-
1589 3918 1712 3973 libr.
1746 3934 1781 3973 tt
1816 3918 2040 3990 Oppium

450 3993 713 4040 nunnnat.
740 3983 996 4040 Damnata
1030 3987 1219 4043 incesti
1246 3985 1345 4043 fuit
1365 4030 1379 4053 ,
1405 3988 1474 4045 Μ.
1507 3989 1673 4044 Fabio
1698 4031 1712 4055 ,
1737 3990 1799 4043 1..
1825 3990 2042 4048 Valerio

446 4058 709 4125 enss.qni
736 4071 910 4111 anitius
953 4053 1208 4128 Dionysio
1253 4068 1339 4114 est
1385 4059 2038 4126 postU1·l›e·1·c011«titatu

446 4139 671 4182 ccnxxt.
719 4123 883 4181 Fssn.
918 4156 990 4167 —
1014 4128 1068 4183 ln
1101 4144 1232 4186 mss,
1273 4129 1444 4200 Lugd.
1480 4131 1618 4186 Bau.
1651 4147 1762 4186 sec.
1787 4133 2042 4189 scribitur

447 4212 740 4267 cccxxxv,
806 4208 930 4255 tert.
1003 4214 1275 4272 chxxvt,
1322 4214 1501 4275 quart.
1575 4218 1825 4259 cccxxii:
1897 4203 2035 4261 Uitr.

448 4283 699 4326 ccxxxiv.

520 4360 652 4417 Csr.
691 4357 784 4419 IX.
817 4393 886 4403 —
908 4364 958 4420 t.
989 4361 1149 4420 Dario
1178 4366 1336 4436 patri.
1360 4366 1527 4437 Lugd.
1564 4368 1678 4423 nat.
1703 4377 1926 4439 quartus
1952 4370 2042 4425 de-

447 4434 628 4558 ssuncto
658 4433 969 4502 interserit,
1002 4452 1129 4491 mox
1169 4438 1223 4491 in
1264 4454 1420 4509 reqno
1449 4442 1759 4508 succedens,
1788 4440 1878 4497 ed.
1928 4457 2037 4511 pr.,

493 4517 625 4560 aris.
655 4514 709 4560 et
737 4504 974 4562 Veneta».

519 4573 576 4629 2.
619 4573 769 4642 Quod
823 4576 1129 4635 Demaratus
1196 4577 1640 4636 Laeedoemonius.
1723 4582 1836 4638 lloc
1898 4598 2034 4653 prae·

449 4654 536 4700 ter
589 4646 857 4703 «lustinum
891 4649 1082 4704 scribit
1139 4649 1446 4705 Herodotus
1499 4653 1593 4707 lib.
1646 4655 2044 4724 septituo,cx·

447 4725 648 4774 tretno.

520 4789 576 4871 3:
614 4786 788 4863 19itur
851 4790 1049 4847 Xerxes
1120 4794 1285 4864 septin
1324 4804 1440 4848 enta
1504 4792 1689 4849 millia.
1734 4795 2039 4853 nerodotns

446 4860 645 4918 scribit
691 4862 968 4930 pedi-sires
1025 4864 1209 4933 copias
1309 4865 1454 4920 erxis
1493 4863 1660 4922 tuisse
1691 4867 2039 4943 ἔὸδομήκοντα

448 4936 539 5012 καὶ
575 4932 756 5012 ’ἑκατὸν
806 4934 1071 5010 μυριάδων
1093 4980 1110 5003 ,
1136 4934 1186 4991 id
1239 4945 1365 5003 est,
1419 4931 1584 4992 decies
1622 4930 1662 4992 s'
1713 4941 1804 4993 ties
1827 4951 2040 4995 centena

449 5001 637 5062 nuum.
672 5004 941 5082 isocrates
984 5007 1038 5063 iu
1086 5006 1489 5064 Panathenaico
1525 5011 1632 5074 ait,
1726 5026 1909 5066 erxem
1941 5012 2041 5065 ba·

446 5073 651 5158 buisse-
678 5074 1030 5150 ίῧδομήκοντα
1071 5078 1329 5157 μυριάδας
1378 5087 1479 5135 τῶν
1528 5084 1809 5155 μαχίμων,
1858 5082 1910 5136 id
1956 5090 2042 5139 est

447 5143 807 5202 bellicosorum
869 5165 1006 5206 taen.
1058 5165 1295 5206 cecinna.
1345 5165 1581 5207 centana.
1643 5153 1797 5209 Diod.
1832 5152 1928 5207 lib.
1977 5167 2036 5208 tt.

447 5218 799 5305 ἠριθμῄθησαν
827 5218 882 5277 δι’
910 5230 1001 5284 τῆς
1029 5226 1186 5287 πεζῆς
1231 5221 1495 5296 δυνάμεως
1538 5224 1785 5300 μυριάδας
1835 5224 2040 5287 πλείους

445 5297 550 5346 τῶν
591 5289 936 5364 maizona,
988 5293 1305 5365 pedestrium
1350 5294 1619 5362 copiarum
1661 5311 1822 5363 supra
1871 5302 2035 5350 octiu-

446 5370 602 5433 9enta
627 5363 793 5419 utillia
839 5376 1112 5419 numerata
1160 5374 1297 5419 sunt.
1340 5364 1506 5420 Fasti.
1550 5396 1621 5406 —
1650 5365 1878 5422 Xerxem
1921 5378 2032 5423 tres

448 5446 517 5488 ex
544 5429 718 5504 Lugd.
753 5434 895 5492 Butt.
927 5446 982 5492 et
1011 5436 1146 5491 coll.
1171 5436 1412 5492 Gronov.

518 5503 576 5559 t.
618 5504 696 5560 De
722 5507 956 5563 auxiliis.
992 5507 1144 5563 vinc.
1169 5508 1375 5562 Bellov.
1407 5517 1457 5562 et
1486 5507 1572 5564 ed.
1606 5508 1765 5579 Aug„
1797 5508 2037 5578 delauxi·

447 5575 738 5633 lictoribus.
793 5578 911 5635 Duo
965 5589 1148 5635 autem
1200 5595 1268 5634 ex
1322 5579 1493 5649 Lugd.
1541 5579 1679 5636 Batt.
1735 5596 1857 5634 cum
1910 5580 2030 5636 Col.

447 5645 619 5774 Grion.
660 5650 978 5707 cortnndetn
1018 5666 1306 5707 numerum
1336 5658 1596 5723 augentes
1625 5651 1874 5707 scribunt
1901 5666 2030 5709 cccc

447 5732 514 5775 ve
550 5733 745 5778 ccccm
796 5746 813 5762 ·

517 5795 571 5872 εξ.
615 5790 884 5848 Rostratas
911 5794 1067 5848 etiam
1091 5810 1240 5849 naues
1262 5808 1422 5852 unce.
1465 5795 1651 5867 Lysias
1687 5804 1742 5851 et
1772 5793 2034 5851 isocrates

445 5862 693 5920 scribunt
743 5862 986 5924 Xerxem
1037 5865 1093 5922 in
1156 5863 1417 5923 Graeciam
1468 5868 1743 5939 appulisse
1797 5866 2031 5924 classem

2148 3505 2202 3561 st
2228 3498 2518 3566 διακοσίων,
2560 3519 2712 3557 titanes
2753 3519 2925 3557 ornnes
2948 3503 3116 3577 lonqae
3142 3502 3362 3572 emplius
3386 3515 3523 3556 uocc
3556 3505 3743 3566 (Ji-xta

2148 3577 2392 3631 Graecum
2426 3573 2574 3643 tuce).
2610 3574 2716 3631 Sed
2762 3574 2831 3629 de
2870 3573 2971 3628 bae
3004 3591 3061 3628 re
3100 3587 3162 3627 ex
3209 3574 3482 3626 lli-rodino
3531 3586 3586 3631 et
3617 3570 3745 3626 AEs-

2143 3646 2301 3717 cliylo
2329 3646 2479 3711 plura
2505 3646 2742 3701 diximus
2770 3646 2822 3699 in
2848 3646 3082 3699 Scltoliis
3112 3645 3313 3699 nostris
3338 3643 3390 3697 in
3415 3642 3591 3713 Ly-iae
3613 3652 3747 3699 Ἐπι-

2143 3721 2340 3790 τάφιον.
2369 3715 2535 3770 Fun.

2218 3792 2271 3844 ὅ.
2317 3786 2598 3839 onerarias
2662 3799 2829 3840 attten
2900 3787 3000 3838 tria
3057 3800 3109 3839 tt.
3170 3784 3261 3838 tloe
3314 3792 3440 3838 sunl.
3505 3781 3745 3836 Diodoro

2142 3859 2491 3934 τριηκόντοροι
2521 3858 2643 3928 (sic)
2669 3856 2979 3932 τρισχίλιαι.
3015 3855 3180 3910 Fami.

2219 3935 2267 3985 7.
2309 3928 2407 3982 Vix
2428 3929 2497 3982 nd
2521 3939 2697 4001 potunt
2714 3930 2953 3999 [lavicina.
2979 3926 3173 3982 Notum
3196 3934 3279 3981 est
3306 3923 3438 3980 illud
3463 3922 3743 3980 ‚luvenalis

2144 4002 2295 4058 satir.
2346 4001 2451 4055 tu:

2720 4089 2979 4143 Credimus
2994 4088 3118 4141 altos

2266 4152 2526 4205 Deio-cisse
2552 4166 2741 4216 atttan,
2765 4163 3016 4218 epotaque
3040 4153 3240 4203 numina
3264 4149 3410 4202 Medo

2268 4216 2567 4267 Prandente.

2146 4324 2311 4382 Fsan.
2344 4354 2415 4366 »-·
2440 4322 2797 4379 Scribendum
2845 4321 3107 4385 Leonida,
3161 4335 3269 4376 non
3308 4318 3601 4385 Leonidas,
3654 4319 3739 4376 vel

2144 4395 2418 4450 Leonides.
2450 4393 2583 4448 Nam
2617 4404 2815 4463 praeter
2859 4407 3051 4448 onmes
3078 4389 3258 4447 Orosii
3300 4389 3462 4446 codd.
3514 4405 3647 4445 mss.
3678 4399 3736 4446 et

2150 4467 2303 4523 vinc.
2344 4465 2557 4522 Bellov.
2605 4461 2687 4520 sic
2732 4478 2949 4533 quoque
2985 4462 3180 4533 legitur
3205 4460 3258 4516 in
3287 4459 3502 4518 Justino
3526 4500 3543 4527 ,
3573 4474 3736 4529 quem

2147 4538 2235 4592 bie
2279 4536 2554 4606 discripsit
2592 4533 2852 4590 Orosius.
2890 4533 3009 4588 Mox
3061 4548 3158 4601 pro
3183 4531 3379 4585 obstitit
3412 4531 3617 4586 habeut
3643 4530 3735 4584 ob-

2146 4607 2279 4662 sistit
2304 4606 2427 4663 edd.
2462 4621 2543 4673 pr.
2574 4605 2749 4660 Paris.
2775 4614 2829 4658 et
2851 4604 3075 4659 Veneta:
3102 4620 3118 4656 ι
3147 4610 3437 4673 contempto
3461 4601 3740 4672 paucitatis

2149 4678 2385 4751 objectu,
2418 4676 2508 4733 ed.
2540 4679 2716 4746 Aug.;
2748 4691 2851 4730 ms·
2879 4674 3031 4730 Flor.
3061 4687 3204 4738 sec„
3228 4684 3522 4744 contemptu
3554 4671 3738 4742 pauci·

2028 4801 2033 4806 .
2070 4760 2119 4819 1)
2151 4750 2269 4803 tatis
2296 4748 2598 4818 interjectoe.

2217 4820 2272 4877 8.
2315 4819 2604 4887 Leonidas,
2635 4833 2727 4872 rex
2775 4816 3181 4889 Spartanorum,
3210 4831 3327 4872 cum
3358 4820 3582 4887 quatuor
3622 4813 3744 4869 mil·

2149 4892 2305 4947 libus.
2348 4891 2549 4948 llornm
2584 4892 2809 4946 trecenti
2868 4886 3124 4957 Spartani
3171 4887 3410 4942 luerunt.
3443 4884 3637 4942 Cicero
3669 4887 3740 4942 de

2149 4961 2335 5019 Finib.
2398 4978 2435 5018 ιι
2460 5004 2475 5029 ,
2522 4960 2813 5029 Leonidas,
2862 4975 2953 5015 rex
2993 4956 3535 5021 Lacsdoemoniorum,
3588 4972 3643 5011 se
3687 4958 3743 5013 in

2149 5033 2511 5104 Thermopylis
2556 5040 2903 5103 trecentosque
2934 5047 3049 5097 eos,
3072 5046 3203 5101 quos
3232 5029 3480 5084 eduxerat
3505 5028 3702 5102 Sparta
3725 5069 3743 5095 ,

2148 5123 2263 5160 cum
2312 5113 2444 5161 esset
2508 5105 2775 5178 proposita
2831 5112 2922 5157 aut
2966 5102 3092 5172 [uqa
3136 5100 3335 5171 turpis,
3380 5111 3469 5157 aut
3512 5101 3745 5174 ylariosa

2149 5193 2318 5240 mors,
2364 5176 2603 5248 opposuit
2650 5173 2902 5232 hostibus.
2935 5173 3133 5230 Verum
3183 5172 3253 5229 tle
3296 5174 3506 5229 ratione
3554 5188 3744 5243 pugnae

2150 5249 2267 5319 lege
2308 5241 2511 5304 llerod.
2546 5248 2642 5303 lib.
2693 5262 2800 5316 vn,
2832 5244 3131 5302 Diodorum
3173 5259 3255 5310 ιι,
3290 5244 3612 5301 Pausaniam
3661 5258 3741 5298 ιιι.

2145 5320 2489 5462 ιἦξξ.κ’λί.·ιιιιιε
2514 5390 2583 5445 ad
2604 5389 2943 5463 puqnandunt
2967 5390 3232 5459 expedita.
3256 5386 3332 5443 De
3361 5385 3477 5443 acie
3503 5381 3757 5454 Pompeii

2141 5461 2394 5519 Lucanus
2428 5464 2520 5518 lib.
2557 5477 2627 5517 ιιι
2649 5503 2664 5527 ,
2697 5477 2777 5517 vs.
2806 5460 2956 5517 tat:

2263 5555 2458 5619 Vixque
2484 5555 2706 5605 habitura
2731 5554 2908 5613 locum,
2929 5554 3136 5605 dextras
3154 5567 3210 5605 ac
3233 5553 3331 5604 tela
3354 5548 3601 5608 movendi,

2262 5618 2578 5680 Constiterat,
2605 5617 2891 5682 gladiosque
2912 5630 3031 5668 suos
3053 5628 3335 5679 compressa
3358 5612 3585 5664 timebat.

2217 5723 2283 5783 ss)
2347 5724 2487 5781 Solis
2536 5723 2783 5779 mortibus
2826 5723 3191 5797 subrigeretur.
3223 5717 3408 5789 Inepte
3454 5714 3692 5788 subjnccr

2142 5794 2231 5853 ed.
2257 5811 2370 5923 ⁴pra
2401 5794 2574 5853 Paris.
2604 5805 2670 5881 et·
2708 5794 2929 5851 Venetae
2956 5839 2971 5862 ‚
3001 5792 3341 5860 subjicerent,
3374 5800 3605 5871 pro-quo
3631 5800 3737 5844 ms.

2143 5867 2255 5939 Lug
2298 5908 2311 5923 .
2356 5867 2497 5924 Batt.
2534 5864 2892 5940 subjiceretur.
2915 5862 3055 5921 Coll.
3088 5860 3358 5930 Gronov„
3390 5858 3730 5931 subigeretur.
