4192 6434
189 375 247 439 aas
713 380 829 444 runnu
848 384 939 445 sucu
959 379 1091 444 carini
1109 380 1316 446 canonicos.
1378 447 1389 469 ,.
1786 396 1841 458 rio

186 494 222 550 Α.
236 492 268 550 6.
286 491 331 553 56.
369 493 402 552 t..
419 493 544 552 Valerius
558 493 694 569 liispanus
708 495 802 554 Berosi
816 499 969 572 fragmenta
981 499 1009 555 ln
1024 501 1145 574 quinque
1159 511 1251 574 partes
1265 503 1387 574 digessit.
1684 507 1838 570 attttst.

324 605 328 610 ’
368 589 488 650 llellaria
504 593 572 652 urbo
594 593 732 666 hispaniae
754 594 876 662 Raeticae,
892 597 922 654 S.
942 597 1051 655 Firmus
1074 609 1186 673 martyr,
1203 599 1248 671 qui
1269 599 1450 656 acerbissimis
1470 597 1556 673 plagis
1571 601 1694 674 affectus,

403 685 573 760 lampadibus
587 696 712 756 exustus,
727 703 759 746 ac
774 689 881 746 taudem
895 692 1002 748 sticciso
1016 693 1105 764 capite
1117 693 1276 766 martyrium
1297 695 1495 751 consummavit
1515 697 1567 753 sub
1582 700 1697 769 praeside

406 779 544 852 hispanias
558 779 594 836 li.
615 779 726 836 Aurelio
741 779 824 849 Vero,
846 783 907 839 niro
922 784 1077 852 consulari;
1101 783 1180 855 cujus
1200 785 1282 841 etiam
1305 799 1406 858 corpus
1424 785 1541 860 decursu
1564 793 1696 862 temporis

367 965 427 1024 iria
439 965 541 1024 Fiariae
554 968 582 1026 in
594 969 721 1028 Gallaecia
736 978 831 1027 sancta
845 968 970 1027 Susanna
985 968 1062 1042 ringo
1073 978 1101 1026 et
1115 979 1230 1044 martyr.

364 1060 406 1118 dd
421 1058 511 1119 &aaa
526 1062 621 1122 urbem
637 1063 774 1138 llispauite
787 1065 816 1122 iu
829 1063 951 1122 Vaccaeis
965 1073 1058 1121 saticta
1071 1064 1207 1122 homnine
1220 1072 1332 1137 martyr.

794 1225 925 1288 stvthtt
943 1226 1226 1288 COMMENTARIUS.

182 1351 295 1415 propter
317 1341 410 1400 vocari
430 1342 501 1401 solet
522 1342 703 1416 Hispalensis,
730 1345 778 1402 sed
802 1343 980 1401 nihilominus
995 1348 1019 1406 Α
1032 1340 1120 1400 idolis
1143 1344 1320 1413 sacrificaret,
1337 1343 1422 1402 trudas
1444 1348 1529 1403 nouis
1547 1308 1674 1421 caditur:
1695 1372 1834 1427 snspensas

181 1417 344 1473 Toletmum
359 1415 505 1472 diaconum
524 1415 608 1471 iuissc
623 1416 719 1472 scribit
736 1417 846 1473 llarleta
862 1415 896 1472 de
911 1417 982 1472 san-
1032 1415 1160 1478 iartiatnr,
1173 1418 1300 1487 totiusque
1312 1420 1427 1488 eorporis
1447 1435 1570 1492 compage
1584 1422 1687 1491 sotrata,·
1702 1440 1832 1498 postremo
1922 1416 1927 1427 ¹

182 1487 235 1543 ctis
257 1486 394 1556 llispatihe
417 1487 464 1541 tib.
480 1502 517 1553 ιι,
538 1502 598 1555 cap.
617 1486 663 1543 99.
684 1489 778 1543 Exstat
797 1488 883 1557 ipsius
907 1487 979 1553 apud
1030 1487 1116 1554 capite
1129 1487 1296 1542 obtruncatus
1312 1491 1460 1543 certaminis
1484 1506 1608 1546 coronant
1630 1510 1763 1554 assecutas
1782 1512 1830 1557 cst.

181 1560 219 1615 Μ,
231 1558 376 1613 Maximum
386 1557 459 1613 cim
471 1559 566 1613 „omia
579 1559 604 1614 q„
615 1558 746 1614 cisonio,
758 1559 793 1614 ad
808 1574 910 1614 annum
927 1558 979 1611 bn-
1030 1555 1256 1639 ilartyrologium
1273 1559 1424 1615 Romanum
1436 1561 1476 1615 sic
1491 1577 1498 1617 ι
1513 1561 1579 1617 ltern
1593 1564 1624 1620 S.
1637 1563 1723 1623 Firmi
1733 1581 1832 1643 orantq-

180 1631 247 1686 inini
259 1628 325 1696 ota,
340 1629 387 1684 ubi
402 1629 459 1684 ait:
474 1627 564 1684 Floret
579 1630 704 1684 anemoria
715 1630 807 1686 Sancti
817 1627 917 1684 Felicis
930 1626 980 1681 ttt-
1029 1643 1078 1694 ηε,
1095 1630 1139 1699 qui
1159 1629 1186 1683 in
1202 1632 1377 1700 persecutione
1393 1631 1533 1687 Maximini
1553 1635 1724 1693 acerbissimis
1743 1640 1830 1714 plagis

178 1701 257 1787 wip,
275 1699 393 1784 qoigiaii
411 1700 531 1763 diaconi,
548 1702 594 1785 qni
607 1717 693 1784 ennio
711 1709 801 1785 saneto
821 1699 976 1767 Melanthio,
1029 1696 1152 1765 affectas,
1166 1700 1297 1773 lapidibus
1311 1718 1459 1771 percussus,
1481 1719 1511 1756 ac
1531 1705 1633 1760 demum
1648 1711 1731 1792 eapite
1748 1729 1831 1771 coesns

178 1770 979 1914 tttttttttittttitiisitiit‘ttttitttt‘tt}
1029 1769 1826 1912 titii.‘iiiiii”bithiniaitittbii

178 1915 253 1968 um·
264 1912 393 1968 flabqug
405 1929 439 1968 00
453 1916 592 1996 proprium
608 1885 727 1968 officinm
741 1913 910 1969 Bretiarium
924 1912 977 1967 'l'o-
1028 1910 1194 1983 iarrtpndibas
1208 1883 1407 1982 carratas,’qtiod
1421 1914 1499 1984 longe
1514 1916 1588 1970 aliud
1602 1922 1723 1991 martyrii
1740 1898 1827 1994 genus,

178 1984 397 2042 letanumsancti
413 1984 520 2051 isidori,
536 1986 613 2052 cuius
626 1981 977 2054 Capitutsincipitti'eiis
1028 1989 1081 2048 est,
1098 1992 1126 2036 et
1138 1983 1290 2054 saepissime
1304 1984 1485 2039 adhibebatur
1500 1988 1680 2053 suspensisin
1694 1997 1824 2063 equuteo,
1919 2045 1921 2049 ,
1969 2017 1979 2035 =

176 2065 362 2128 isengrinus,
378 2054 504 2122 Domine,
518 2071 550 2110 ex
563 2056 666 2109 nontine
681 2055 817 2126 probatas,
832 2063 856 2110 ει
870 2070 977 2109 munem
1027 2050 1067 2106 De
1081 2053 1117 2108 hl.
1135 2054 1247 2110 Aurelio
1263 2055 1344 2120 tero,
1361 2055 1473 2126 subque
1488 2055 1517 2113 S.
1532 2055 1640 2116 Firmus
1653 2063 1760 2122 occisus
1771 2077 1825 2141 cst,

168 2121 343 2183 'warmatiae
356 2141 367 2182 .·
382 2126 444 2179 duna
464 2142 522 2181 earn
533 2143 565 2180 es
587 2126 690 2181 nomine
710 2143 801 2188 rocas,
824 2135 849 2181 et
870 2143 976 2182 munere
1027 2123 1133 2194 egimus
1147 2124 1181 2179 ad
1196 2139 1297 2180 antium
1312 2125 1381 2181 286.

177 2214 325 2262 murras,
341 2205 396 2252 etc.
421 2197 544 2252 Diximus
557 2198 592 2252 de
615 2195 711 2252 eodem
726 2197 973 2267 insuperiorihus,
1063 2194 1186 2250 l5.1ricc
1210 2195 1321 2256 Flauia.
1338 2205 1392 2252 etc.
1411 2197 1534 2265 Quiescit
1552 2203 1727 2261 sanctissima
1749 2208 1826 2283 virgo

176 2282 296 2325 numero
310 2268 337 2323 5.
353 2268 456 2338 hlagnae
472 2278 561 2323 autem
576 2268 648 2323 laudi
667 2268 785 2323 dandum
808 2269 908 2324 Dextro
921 2278 973 2336 εει,
1025 2275 1055 2321 ει
1069 2276 1171 2336 martyr
1185 2266 1310 2323 Susanna
1322 2269 1348 2323 in
1360 2280 1454 2324 sancta
1471 2271 1591 2327 Ecclesia
1603 2274 1824 2346 compostellana

176 2340 330 2407 quadranti
345 2341 397 2394 viri
409 2341 569 2394 memoriam
584 2339 783 2394 immortalitati
794 2354 975 2396 consecrare·
1025 2335 1098 2391 inter
1111 2347 1226 2393 caterae
1239 2350 1396 2394 sanctornm
1415 2340 1465 2395 reti
1488 2343 1564 2410 uias,
1580 2346 1683 2414 qrrihus
1703 2350 1763 2419 ejus
1778 2367 1824 2409 sa.

175 2411 225 2475 rit,
240 2410 285 2481 qni
301 2409 429 2466 nimirum
443 2411 565 2464 onitiium
580 2411 685 2478 primus
704 2424 824 2465 canones
843 2411 974 2466 concilia·
1024 2410 1142 2463 crarium
1162 2408 1370 2466 refertissimum
1394 2421 1446 2466 est.
1468 2356 1620 2470 qiranstuiit
1638 2432 1738 2487 corpus
1750 2424 1826 2492 eins.

175 2495 225 2539 res
246 2485 275 2537 iu
291 2481 404 2538 tonnam
418 2480 538 2537 debitam
561 2480 685 2551 digessit,
706 2483 838 2537 hactenus
862 2497 909 2550 per
935 2491 974 2537 tot
1024 2478 1087 2534 dem
1117 2490 1219 2535 sanctae
1248 2480 1380 2537 Susanna
1402 2482 1436 2536 ah
1462 2483 1514 2538 lria
1535 2483 1628 2539 Flavia
1652 2489 1824 2560 compostel-

174 2552 614 2608 snnorumcurrlculaserratam
636 2551 671 2606 ab
691 2553 818 2608 omnihus
836 2553 971 2608 conciliis.
1025 2548 1078 2603 latu
1110 2551 1165 2621 (ut
1186 2551 1331 2620 creditur)
1360 2553 1392 2607 b.
1421 2552 1536 2608 uidacus
1563 2554 1690 2614 llamirez
1720 2564 1825 2633 primus

175 2625 241 2691 Quo
250 2638 316 2680 vero
327 2623 392 2680 lure
402 2622 513 2678 llnsium
524 2623 730 2678 cordunensem
744 2623 871 2679 Sanctam
882 2632 971 2692 tacet,
1024 2619 1260 2692 Compostettanns
1279 2623 1518 2692 archiepiscopus,
1543 2624 1607 2682 dum
1626 2643 1741 2700 corpora
1760 2650 1825 2692 san·

175 2694 294 2752 inferius
305 2694 451 2749 ridendum
467 2703 509 2750 est
522 2693 555 2748 ad
570 2709 669 2748 annum
685 2693 749 2749 366.
987 2701 1131 2789 Betorurn
1146 2705 1294 2764 martyrum
1311 2693 1493 2765 Cucuphatis,
1509 2704 1535 2750 et
1549 2697 1693 2764 silvestri,
1715 2713 1742 2758 et
1756 2707 1824 2761 aiio.

218 2766 261 2823 15.
277 2764 310 2820 l..
329 2763 457 2828 Valerius,
471 2774 524 2820 etc.
541 2764 658 2820 Berosus
671 2764 812 2820 etratdaeas
825 2764 881 2821 Bab
900 2764 972 2821 lunia
1026 2777 1098 2831 rum,
1122 2765 1264 2835 storiasque
1284 2765 1414 2835 reliquias
1428 2764 1456 2819 in
1470 2780 1546 2819 suam
1559 2767 1653 2824 sedem
1675 2773 1738 2829 hinc
1758 2775 1823 2834 inde

175 2837 311 2894 oriundas
324 2836 377 2892 5⁰0
391 2836 470 2890 anuis
482 2843 546 2891 ante
564 2834 666 2892 Christi
681 2835 788 2891 bomini
804 2837 973 2900 nativitatem
1027 2833 1167 2890 transferri
1176 2836 1294 2900 curarit,
1306 2837 1379 2893 circa
1391 2838 1624 2893 annamhumanae
1635 2841 1730 2899 salutis
1740 2846 1820 2918 libs,

176 2909 322 2966 historiam
342 2921 419 2962 suam
442 2905 565 2977 scripsit,
588 2918 657 2961 teste
672 2905 789 2976 losepho
807 2906 854 2962 lih.
871 2922 880 2962 ι
898 2907 975 2962 hoti-
1025 2913 1055 2958 ιιι
1071 2904 1242 2962 habentacta
1254 2905 1482 2977 compostellanae
1497 2907 1627 2965 historiae.
1650 2911 1707 2969 Nisi
1728 2917 1819 2976 sinisii,

176 2980 249 3050 quit.
264 2978 327 3035 lud.
339 2986 367 3034 et
380 2988 475 3033 contra
491 2979 641 3047 appionem
655 2976 776 3033 Gramm.
793 2979 891 3049 quihus
906 2979 973 3035 loeis
1024 2982 1150 3046 tempore
1165 2977 1260 3031 urbani
1278 2992 1354 3049 papa
1373 2978 1396 3033 ll
1410 2987 1440 3032 ει
1452 2976 1584 3047 alphonsi
1601 2983 1672 3051 regis
1684 2983 1758 3043 Casti
1774 3006 1822 3046 co.

177 3059 278 3107 auctor
299 3057 358 3117 cst,
378 3049 467 3118 ipsum
486 3062 596 3104 omnem
624 3047 798 3105 Chaldaicam
822 3049 973 3106 dehorasse
1024 3049 1185 3115 gnominati,
1208 3048 1306 3119 quibus
1324 3048 1467 3117 agentibus
1485 3051 1565 3104 sedes
1580 3053 1743 3125 episcopalis
1760 3058 1819 3118 lriae

178 3122 332 3190 historiam,
347 3130 374 3176 ει
388 3120 471 3174 teltui
487 3120 604 3190 publice
624 3118 687 3174 lldei
710 3122 845 3176 notarium
862 3136 971 3176 ornnem
1024 3114 1125 3175 Flavias
1141 3120 1168 3174 in
1191 3118 1443 3189 compostellanam
1465 3120 1596 3176 translata
1619 3134 1671 3192 cst,
1696 3129 1820 3201 reliqniae

176 3193 367 3266 antiquitatem
382 3191 601 3259 transcripsisse,
615 3205 648 3245 ac
658 3190 729 3246 inter
742 3190 794 3246 alia
808 3190 903 3246 diluvii
916 3207 973 3245 ma·
1024 3187 1107 3242 etiam
1121 3196 1224 3245 sanctae
1235 3190 1455 3245 Susannassimnl
1467 3204 1528 3244 cnm
1542 3191 1715 3252 sedeiuerint
1731 3209 1819 3257 trans-

199 3266 226 3319 ni
238 3263 408 3329 meminisse,
425 3264 635 3331 nominasscque
658 3260 743 3316 Noam
762 3270 790 3316 et
810 3261 880 3317 lilios
900 3262 970 3331 ejus.
1024 3255 1103 3328 latae,
1126 3273 1200 3315 anno
1220 3260 1325 3315 scilicet
1340 3259 1448 3315 Dotttini
1472 3260 1549 3316 1696.
1571 3261 1629 3318 Non
1645 3267 1756 3326 deluere
1770 3275 1818 3343 qni

176 3279 221 3391 be
244 3333 340 3390 eudem
361 3345 444 3405 agunt
459 3334 640 3388 bletasthenes
656 3332 682 3386 in
698 3332 770 3388 libro
791 3332 826 3387 de
845 3331 971 3400 iudiciis,
1022 3341 1144 3386 sanctam
1168 3331 1320 3387 Susannam
1334 3330 1476 3397 iriensem,
1495 3330 1530 3386 de
1545 3346 1596 3403 qua
1612 3337 1729 3406 agimus,
1753 3357 1819 3399 eon.

177 3416 208 3461 et
221 3405 354 3461 biodorns
366 3404 472 3461 Siculus
490 3403 538 3459 lib.
554 3418 595 3459 ιιι.
611 3400 693 3457 addit
711 3403 812 3457 Plinius
829 3402 899 3458 libro
923 3418 971 3471 vu,
1022 3397 1169 3457 funderent
1182 3416 1244 3456 cum
1264 3401 1291 3457 S.
1315 3400 1439 3457 Susanna
1447 3403 1555 3482 'virgine
1568 3404 1685 3474 pariter,
1700 3420 1728 3464 et
1745 3428 1817 3469 mar.

177 3492 242 3548 cap.
258 3477 448 3533 57.-Berosum
463 3474 658 3531 Atheniensem
672 3472 767 3530 Graeco
782 3474 910 3530 idiomate
921 3474 971 3529 do·
1023 3482 1085 3541 tire
1096 3471 1259 3528 Bracarensi
1271 3486 1367 3528 sorore
1378 3471 1407 3528 S.
1421 3471 1541 3555 Victoris
1554 3477 1682 3546 martyris
1694 3483 1818 3548 eateehn.

177 3550 271 3604 cuisse
281 3547 436 3617 disciptinas
447 3546 604 3613 Chatrtaas,
618 3546 772 3614 praesertim
782 3546 969 3615 astrologiam,
1022 3545 1107 3608 meni,
1123 3543 1232 3599 nomine
1245 3557 1278 3599 ae
1292 3544 1402 3599 natione
1416 3552 1556 3613 utriusque
1570 3545 1690 3616 decepti,
1705 3551 1820 3613 addide-

176 3626 209 3676 et
221 3627 375 3690 eapropter
389 3618 464 3689 ipsos
478 3626 596 3674 statuam
619 3615 658 3672 itii
680 3616 811 3672 inauratae
831 3615 928 3694 linguae
943 3617 971 3672 iu
1024 3619 1134 3686 rintque
1144 3629 1204 3670 cam
1218 3612 1382 3682 Susannam,
1397 3629 1458 3685 quan
1475 3615 1666 3687 Composteliae
1688 3623 1814 3696 quiescit,

219 3691 290 3747 blico
304 3691 445 3763 gymnasio
456 3690 592 3760 posuisse.
611 3687 704 3744 Utrum
720 3696 809 3742 autern
823 3701 971 3757 germanus
1021 3702 1037 3744 e
1053 3685 1210 3741 Bracarcnsi
1232 3685 1373 3741 territorio
1389 3685 1547 3742 translatam
1567 3701 1644 3754 esse,
1670 3707 1731 3748 cum
1754 3710 1815 3753 eoi.

176 3704 273 3818 ffrost
292 3765 395 3832 partus,
412 3775 493 3830 quem
514 3759 619 3815 Annius
635 3757 814 3813 viterbiensis
833 3759 860 3812 in
881 3758 969 3813 locem
1022 3772 1089 3828 pore
1111 3756 1141 3813 S.
1160 3756 1285 3811 Victoris.
1310 3757 1349 3812 lta
1367 3764 1498 3812 natusest
1519 3757 1550 3811 P.
1568 3756 1643 3815 Lobo
1656 3762 1690 3816 ad
1711 3766 1814 3823 calcem

177 3832 426 3903 edidit,adi'unctis
446 3831 663 3894 commentariis,
684 3844 719 3883 an
738 3844 815 3889 vcro.
837 3837 867 3883 ut
891 3828 970 3883 multi
1022 3827 1200 3884 traductionis
1231 3825 1366 3882 Lusitanus
1394 3827 1508 3882 humant
1535 3827 1738 3902 liartyrotogii,
1768 3837 1814 3894 die

176 3913 330 3973 autumant,
345 3903 543 3975 supposititius,
564 3916 626 3958 mea
640 3914 693 3955 non
716 3900 831 3956 interest
843 3899 968 3967 dehnirc,
1020 3900 1057 3955 tl
1070 3898 1182 3968 Aprilis,
1199 3913 1262 3952 cum
1276 3898 1425 3980 desanctis
1446 3896 1583 3952 Lusitanis
1602 3901 1739 3980 disseruit.
1752 3905 1814 3963 Cae-

176 3976 268 4031 solum
281 3978 353 4032 enim
368 3974 439 4045 apud
453 3974 586 4030 Dextrum
598 3975 659 4041 lego
671 3972 762 4027 lienosi
779 3972 929 4040 fragmenta
942 3971 969 4025 in
1021 3980 1108 4026 terum
1121 3984 1154 4025 cs
1170 3969 1203 4024 iis
1218 3983 1278 4037 quar
1289 3968 1389 4024 ibidem
1405 3982 1463 4037 ipse
1480 3978 1631 4040 annotavit,
1658 3976 1814 4043 oppositum

175 4048 297 4118 quinique
313 4057 403 4117 partes
416 4045 563 4117 digessisse
576 4044 651 4100 otim.
667 4042 697 4096 l..
723 4041 859 4097 Valerium
874 4041 970 4111 llispa·
1021 4041 1090 4096 satis
1114 4040 1306 4104 convincitur,
1329 4054 1390 4095 nam
1407 4039 1505 4094 asserit
1529 4053 1600 4096 anno
1626 4042 1696 4099 1596
1718 4060 1813 4106 mense

176 4118 347 4188 pannonius
359 4127 448 4172 tamen
463 4130 560 4172 nomen
575 4115 603 4171 in
618 4128 689 4169 novo
705 4111 807 4169 Beroso
826 4127 879 4168 non
895 4114 970 4168 innc-
981 4097 1007 4165 C
1020 4111 1133 4169 Octobr.
1147 4122 1271 4192 apertum
1284 4124 1346 4165 esse
1359 4110 1514 4192 sepulcrum
1529 4108 1560 4194 S.
1574 4109 1706 4194 susannae
1716 4115 1815 4176 Braca-

175 4188 236 4256 nto,
254 4187 362 4244 tametsi
385 4200 514 4244 numerus
529 4185 660 4242 librorum
680 4192 824 4240 consonet.
847 4183 882 4239 Ut
895 4199 970 4252 reor,
1023 4183 1113 4240 remis
1125 4182 1152 4237 in
1166 4180 1286 4238 Ecclesia
1305 4180 1478 4236 Bracarensis
1492 4190 1622 4237 territorii
1636 4186 1695 4254 eius
1711 4191 1814 4246 nomini

174 4261 419 4332 fragmentarocat
430 4260 539 4326 hester,
555 4273 609 4315 non
621 4256 730 4329 quidem
743 4265 834 4325 partes
845 4254 970 4310 codicum
1022 4255 1122 4324 dicata,
1137 4252 1164 4307 in
1177 4252 1368 4324 praesentiat).
1387 4250 1534 4334 ⁸hugustini
1555 4252 1589 4307 de
1605 4254 1701 4312 Castro
1715 4257 1815 4317 Braca-

172 4339 236 4388 s'uae
254 4328 387 4390 historia,
400 4328 449 4383 sed
463 4342 494 4382 ea
509 4342 570 4399 quas
587 4330 658 4401 apud
676 4326 883 4391 lletasthencm,
893 4323 972 4381 losc-
1022 4324 1111 4381 nensis
1121 4322 1333 4393 archiepiscopii
1345 4331 1374 4378 et
1388 4338 1414 4376 tn
1430 4337 1464 4377 eu
1478 4331 1587 4393 reperta
1601 4324 1685 4382 tuisse
1696 4341 1757 4385 ossa
1770 4346 1815 4388 sa-

216 4416 276 4470 unr,
291 4410 320 4456 et
332 4397 401 4452 aiios
416 4405 540 4453 auctores
552 4399 706 4469 exstabant,
720 4414 781 4471 quae
799 4398 831 4455 l..
850 4396 971 4453 Valerius
1022 4411 1068 4452 cra
1084 4394 1205 4465 eiusdem
1223 4395 1344 4464 uirginis.
1357 4393 1446 4461 Quare
1460 4407 1629 4464 nequaquam
1645 4397 1708 4453 inde
1725 4410 1815 4458 trans·

172 4402 559 4536 fithunoiolumiuecollegit.
1022 4468 1076 4522 tata
1100 4467 1184 4521 tuisse
1209 4463 1345 4521 credenda
1368 4471 1432 4518 sunt
1456 4479 1465 4519 z
1490 4467 1642 4533 praesertim
1670 4477 1813 4542 postquam

215 4545 260 4600 tt.
279 4540 416 4603 liettaria,
443 4547 497 4594 etc.
520 4538 605 4609 liujus
626 4541 741 4597 nominis
765 4539 826 4596 duaa
850 4537 916 4595 olim
942 4538 970 4594 in
1022 4538 1115 4594 Dextri
1135 4534 1444 4593 testimoniodirersitas
1457 4535 1597 4618 utriusque
1607 4536 1741 4596 Susanna
1751 4556 1813 4598 con-

172 4614 278 4675 llaetica
291 4609 373 4668 urbes
386 4611 565 4676 exstiterunt,
579 4609 663 4665 altera
675 4613 701 4666 in
715 4614 851 4668 conventu
867 4610 972 4666 Cordu—
1021 4610 1147 4665 uincitur.
1165 4607 1227 4678 Agit
1248 4606 1307 4675 ipse
1319 4605 1354 4661 de
1375 4604 1535 4661 Bracareust
1557 4606 1669 4664 hiterius
1685 4609 1737 4666 hoc
1749 4611 1811 4683 ipso

172 4687 269 4754 benet,
286 4687 321 4740 de
354 4697 386 4738 ua
402 4680 517 4745 Plinius,
535 4694 616 4747 nunc,
632 4688 699 4736 teste
713 4681 827 4739 lloraics
842 4683 870 4738 in
890 4682 970 4736 hitti-
1021 4694 1105 4748 anno,
1120 4691 1216 4734 tersus
1229 4676 1322 4732 daem.
1568 4746 1575 4760 ι

173 4761 250 4830 quit.
264 4757 310 4813 tol.
323 4699 358 4812 bai
382 4763 413 4809 ει
431 4751 478 4817 98,
498 4751 599 4808 dicitur
619 4747 720 4806 Faente
737 4753 863 4825 obejnna;
885 4754 970 4809 altera
1059 4752 1102 4807 16.
1118 4748 1160 4803 Ad
1173 4747 1270 4812 Goeam,
1285 4758 1339 4803 etc.
1355 4745 1462 4826 Sanctae
1475 4746 1619 4802 Antonine
1630 4753 1757 4823 martyris
1768 4767 1814 4812 cp.

170 4829 253 4902 justa
266 4830 365 4885 tretum
379 4824 560 4890 Gadetaaum,
572 4820 654 4878 hodie
663 4819 783 4895 llejarde
796 4825 823 4877 ta
835 4823 905 4893 miei,
920 4839 971 4895 pa-
1022 4821 1125 4881 lchrem
1150 4830 1260 4875 serrant
1274 4832 1433 4873 memoriam
1459 4817 1547 4874 Graeci
1570 4819 1596 4872 in
1612 4819 1763 4894 blenologio
1776 4826 1811 4883 ad

177 4903 231 4957 itit·
246 4897 387 4970 P⁰¹ttit⁰nil
409 4896 495 4960 litim.
511 4904 540 4949 ul
562 4895 619 4964 ⁵9⁸⁰
643 4902 756 4950 ¹⁰⁸¹³¹l¹l
776 4893 823 4948 ¹5¹)-
836 4909 865 4959 ¹¹.
879 4909 937 4966 ιιι).
954 4895 971 4951 6
1021 4896 1094 4951 diem
1109 4888 1231 4956 aitardi,
1249 4889 1319 4944 unde
1332 4889 1553 4960 martyrologium
1568 4888 1718 4949 Romanum
1733 4910 1813 4954 accc.

175 4971 233 5030 sub
251 4973 343 5037 tinem,
358 4968 411 5024 iltis
422 4966 513 5023 uerbis
526 4982 534 5020 z
545 4965 629 5038 Atque
641 4966 711 5021 ande
727 4979 774 5018 nos
793 4979 892 5030 sames,
912 4967 970 5020 ein·
1022 4967 1072 5037 pit,
1088 4962 1140 5020 sub
1155 4960 1250 5018 iisdem
1265 4960 1321 5016 iere
1333 4958 1435 5024 serbis,
1451 4960 1492 5016 sic
1503 4961 1576 5016 enim
1598 4960 1698 5020 hahet:
1714 4964 1813 5024 Eodem

176 5051 255 5117 pente
267 5043 344 5115 irato,
360 5038 493 5095 ttettaria.
515 5036 614 5093 Credat
635 5038 681 5108 qui
701 5037 775 5092 volet
794 5034 892 5091 Carolo
910 5036 972 5093 Stc-
1021 5038 1064 5093 die
1074 5035 1106 5093 S.
1120 5033 1258 5090 Antomrm
1266 5040 1332 5086 mart
1352 5033 1397 5100 ris,
1413 5031 1508 5102 quaein
1521 5033 1696 5102 persecutione
1709 5036 1815 5095 ttioete-

284 5111 429 5177 asserenti,
441 5107 589 5166 llellariam
604 5109 644 5164 sie
654 5109 754 5165 dictam
766 5107 801 5164 ab
812 5106 902 5162 aureis
915 5122 972 5162 nta-
1022 5109 1089 5164 tiani
1099 5121 1159 5162 cum
1174 5105 1309 5176 gentilium
1342 5118 1386 5159 ros
1398 5103 1530 5168 irrisisset,
1547 5111 1604 5170 post
1616 5107 1701 5161 uarios
1712 5113 1815 5166 crucia.

187 5189 225 5251 is,
240 5199 301 5254 tiuae
316 5183 445 5240 iterantes
465 5179 530 5236 ittue
550 5194 566 5235 c
587 5178 670 5251 Libya
691 5180 795 5246 attulit;
813 5193 900 5248 neque
912 5192 972 5233 um·
1020 5179 1106 5235 tasin
1120 5193 1179 5232 uase
1198 5177 1310 5246 quodam
1324 5174 1436 5242 inclusa,
1460 5175 1487 5228 iit
1508 5173 1629 5246 paludem
1651 5178 1722 5234 striis
1746 5179 1813 5240 Coeoe

176 5269 260 5329 quar
277 5253 399 5323 llaiaria,
418 5261 449 5307 ut
466 5251 618 5322 oportebat,
639 5262 820 5321 nuncupatam
839 5246 970 5320 reperies,
1021 5251 1140 5305 denserier
1157 5245 1298 5303 estGraeea
1311 5245 1351 5301 sic
1365 5246 1466 5301 habent
1488 5245 1559 5315 apud
1580 5246 1655 5301 card.
1672 5249 1812 5310 Sirtetum.

176 5326 230 5384 sed
244 5335 375 5398 perpetuo
387 5324 547 5388 biellariam,
568 5322 694 5378 nimirum
709 5336 724 5376 a
746 5319 836 5390 mette,
851 5321 929 5393 cujus
943 5328 973 5377 et
1022 5320 1121 5376 Eodem
1133 5319 1176 5374 die
1186 5318 1218 5375 S.
1231 5317 1378 5399 Antoninis.
1400 5314 1465 5398 Hac
1483 5331 1515 5371 es
1529 5316 1591 5371 urbe
1612 5315 1691 5387 Coeo,
1712 5321 1816 5380 Diocle.

177 5397 302 5470 probitas
314 5407 343 5453 et
354 5396 432 5468 copia
446 5393 514 5450 inihi
526 5393 667 5465 legebatur
682 5410 689 5448 ε
701 5400 730 5450 ει
741 5399 812 5448 nttnc
826 5407 933 5465 moriae
944 5390 971 5447 id
1023 5394 1094 5447 tiano
1103 5399 1128 5444 ει
1142 5387 1301 5444 ltaaimiano
1311 5386 1519 5469 imperatoribus,
1530 5398 1633 5470 propter
1644 5389 1739 5449 Christi
1752 5411 1814 5449 con.

177 5483 280 5530 nomeu
294 5478 383 5526 sonat.
401 5467 484 5523 Porro
497 5467 583 5520 sancti
597 5464 681 5520 Firmi
694 5463 823 5520 biellariae
834 5464 905 5532 passi
920 5479 970 5519 no·
981 5477 1010 5539 1)
1022 5461 1170 5536 sessionem,
1185 5467 1210 5514 ει
1222 5458 1341 5539 inaniunt
1359 5458 1489 5514 tactorum
1503 5460 1659 5528 irrisionem,
1673 5481 1774 5535 praees,
1789 5475 1815 5519 et

176 5557 256 5609 ιιιειι,
266 5551 294 5598 ει
307 5549 377 5597 mart
398 5540 466 5594 rium
480 5551 496 5593 a
509 5535 611 5593 Graecis
625 5534 771 5592 etlntinis
787 5535 908 5591 colitura
921 5535 969 5591 lu·
1020 5535 1105 5589 uarios
1115 5545 1237 5605 perpessa
1255 5536 1395 5593 cruentas,
1417 5539 1548 5601 postremo
1564 5546 1624 5586 aare
1640 5535 1753 5602 quodam
1771 5535 1815 5587 in-

132 5630 137 5639 ·
177 5612 236 5683 nii,
259 5613 338 5670 utin
388 5610 523 5679 enoiogio,
539 5617 567 5665 et
584 5604 971 5679 llsrtyrologioilomanoni-
1020 5606 1105 5669 cissa,
1119 5606 1146 5658 in
1157 5599 1279 5672 paludem
1290 5598 1479 5683 Credo-ecta,
1490 5602 1612 5685 spiritam
1625 5601 1735 5684 Domino
1747 5618 1815 5656 corn-

175 5686 247 5744 dere
261 5694 311 5742 εει.
327 5684 421 5742 Graeca
436 5680 475 5735 sic
493 5677 609 5734 bahent:
625 5677 725 5734 Eodem
736 5680 779 5733 die
790 5677 872 5732 sancti
887 5674 973 5732 Firrtti
1021 5675 1161 5731 mondavit.
1173 5673 1259 5729 Purro
1268 5670 1400 5727 llarumus
1412 5689 1437 5727 tn
1448 5673 1700 5728 Nousentsttmartt
1713 5686 1739 5725 tn
1752 5672 1815 5729 Gaea

175 5758 312 5828 wagris,
325 5756 370 5827 qai
382 5752 429 5808 aab
440 5749 601 5805 baladone
613 5751 734 5822 imperat.
750 5765 797 5821 pro
811 5748 908 5804 Christi
920 5745 972 5815 iide
1021 5747 1109 5829 insuta
1123 5745 1206 5800 maris
1219 5741 1304 5814 AEgaei
1320 5743 1460 5827 notissima
1471 5739 1500 5797 S.
1516 5743 1678 5821 hotomann
1693 5741 1816 5827 occisam

174 5845 746 5970 ...ina
759 5818 973 5966 tribuis
1022 5807 1820 5959 taurinust·'alamannus:tittte

322 5988 458 6052 Panos.
480 5982 603 6050 xxxt.
1570 5974 1614 6048 ¹¹t
