4192 6434
220 394 271 461 bbi
739 386 854 453 uultu
873 386 965 452 utcu
984 383 1114 452 nolimu
1132 385 1341 453 cttttoutcot.
1819 373 1880 444 HM

222 519 257 576 A.
270 514 302 575 (l.
313 510 377 573 stu.
404 509 570 585 Cartbagine
584 509 611 567 in
626 508 756 581 Hispania
771 511 801 566 s.
819 509 981 584 Hippolytus
991 510 1115 584 ejusdem
1128 510 1203 569 urbis
1214 511 1381 585 episeopus,
1403 522 1521 584 quocum
1535 501 1609 583 passi
1629 505 1736 566 strutA.
1754 501 1879 562 tuaest.

439 605 485 663 alii
498 620 608 678 quoquo
623 613 770 676 martyres.

401 698 541 757 Gallienus
554 697 705 769 imperator
716 696 830 768 ignatus
841 694 988 753 Mediolani
1001 693 1147 753 occiditur.

400 793 526 852 Gallieno
540 789 677 848 sutucttur
688 790 717 845 iu
734 786 849 862 imperio
862 787 986 845 Romano
1000 785 1142 845 Claudius.

401 885 530 943 Claudius
543 883 658 952 Gothos,
673 881 825 956 illyricum.
839 888 867 938 et
887 878 1051 939 Macedones
1073 880 1272 954 depopulantes
1287 886 1400 952 superat
1416 877 1471 936 :ab
1492 880 1564 953 quod
1584 880 1697 956 clypeus

434 990 534 1034 aureus
548 973 664 1032 incuria
676 982 703 1030 et
719 973 747 1029 in
758 970 896 1044 Capitolio
906 978 996 1028 statua
1011 970 1173 1029 collocatur.

399 1069 529 1129 Claudius
544 1085 598 1126 non
611 1069 696 1124 multo
709 1077 772 1138 post
782 1067 878 1123 morbo
889 1066 975 1124 Firmi
990 1067 1123 1125 decessit.

304 1169 370 1226 tte.
397 1167 430 1236 Q.
447 1164 595 1236 Quintillus
607 1162 711 1219 Claudii
726 1161 811 1218 lrater
822 1159 973 1234 imperator
986 1163 1168 1235 appellatura
1187 1169 1295 1220 senatu.

401 1260 578 1325 Aurelianus,
591 1257 702 1314 Tetrico
712 1257 862 1313 exercitum
879 1256 1022 1326 prodente,
1034 1253 1136 1312 Gallias
1146 1255 1256 1328 recipit.

307 1354 372 1412 ild.
411 1348 546 1410 Eusebius
560 1348 729 1406 Laodicenus
739 1348 885 1420 episeopus
899 1346 1013 1419 insignis
1030 1353 1170 1403 censetur.
1798 1346 1883 1405 ωτι,

403 1447 580 1505 Aurelianum
595 1443 690 1499 Home
706 1442 917 1513 triumphantem
932 1451 1133 1514 praecesserunt
1147 1440 1274 1499 Tretieus
1285 1448 1314 1497 et
1338 1439 1476 1507 zenobia,
1492 1447 1587 1511 postea
1610 1438 1699 1498 'ireti-

439 1557 488 1599 cus
501 1548 642 1598 corrector
656 1536 785 1593 Lucania
803 1534 848 1602 lit;
862 1533 985 1592 Zenobia
999 1548 1065 1593 reno
1079 1543 1174 1607 postea
1196 1535 1291 1591 Hamae
1316 1535 1344 1591 in
1370 1535 1491 1591 marimo
1518 1534 1623 1592 bonore
1648 1535 1700 1593 luit

437 1637 508 1711 apud
524 1636 653 1709 gentiles.

828 1723 957 1782 uitauit
977 1721 1265 1783 COMMENTARIUS.

224 1874 401 1936 florulessllb·
413 1887 452 1939 ¹¹,
463 1883 525 1939 cap.
536 1867 583 1935 25,
595 1883 610 1923 ²
623 1865 715 1922 F¹²ll⁰
726 1862 895 1936 V0⁵P²¹⁵l³¹¹⁰
908 1864 1026 1934 imbelli·
1039 1868 1064 1928 A
1079 1865 1211 1922 memoria
1237 1865 1263 1922 in
1285 1865 1473 1923 tetttstissimo
1496 1866 1591 1924 codiee
1614 1868 1804 1938 manuscripto
1820 1885 1885 1927 mo·

225 1962 304 2015 torc;
318 1947 419 2003 dietam
441 1955 549 2012 utroque
564 1937 707 1995 breuitatis
720 1951 801 1991 eausa
817 1931 957 2001 Flauiam,
974 1950 1022 1991 seu
1079 1938 1192 2002 austerii
1203 1937 1232 1992 S.
1247 1939 1353 2010 cyriaci
1369 1939 1395 1993 in
1414 1938 1561 2005 Thermis,
1577 1949 1605 1995 ut
1616 1938 1750 1997 Haronius
1762 1943 1883 1998 notarit.

226 2020 381 2078 Flatiedem
403 2021 542 2070 asseverat
562 2010 614 2066 ltuc
628 2010 690 2064 luca
704 2010 815 2063 beuter.
832 2007 885 2062 Sed
902 2006 973 2088 quod
989 2006 1024 2061 ad
1076 2006 1213 2064 Caeterum
1232 2024 1375 2078 perperam
1388 2009 1485 2066 crediti
1499 2020 1563 2066 suut
1576 2012 1603 2066 in
1613 2010 1706 2066 Africa
1718 2013 1804 2082 paesi,
1817 2026 1884 2070 eum

225 2098 349 2148 sanctum
366 2086 569 2142 adolescentem
584 2081 725 2137 lulianum
742 2085 858 2148 spectat,
881 2079 945 2132 iutlti
961 2093 1026 2147 pas·
1078 2090 1189 2135 constet
1208 2095 1240 2134 er
1258 2081 1360 2136 [lertio
1376 2083 1402 2136 iu
1421 2082 1548 2150 llispania
1561 2079 1724 2153 Cartbagine
1739 2083 1884 2154 Spartaria

227 2178 304 2228 suan,
317 2160 450 2215 babemus
462 2164 585 2209 actorum
600 2153 659 2222 ejas
673 2152 812 2221 epitomen
828 2149 899 2218 apud
918 2149 1024 2218 Equili·
1077 2151 1239 2220 martyrium
1262 2151 1393 2207 subiisse.
1419 2150 1484 2210 lade
1508 2161 1601 2208 tamen
1624 2153 1763 2210 eredimus
1784 2157 1887 2211 existi·

226 2249 291 2291 raum
303 2233 350 2288 lib.
365 2247 392 2293 r,
406 2244 432 2283 e.
449 2225 512 2291 tls,
527 2241 608 2293 aptam
626 2226 671 2277 liic
682 2221 804 2276 inserere
819 2220 938 2289 placuit,
953 2219 1025 2290 qttod
1078 2235 1169 2276 iurasse
1194 2222 1339 2278 nuatnullos
1364 2223 1508 2280 Africanus
1534 2225 1637 2291 luisse,
1665 2224 1739 2294 quod
1763 2223 1885 2295 legerint

224 2305 289 2361 alibi
303 2297 452 2375 (attenedo)
465 2313 519 2352 aton
533 2295 699 2363 reperiatur:
715 2291 849 2360 lulianus,
866 2291 914 2358 ait,
928 2305 1026 2362 martqr
1077 2290 1242 2361 Carthagine
1265 2294 1381 2351 occisos.
1407 2294 1485 2363 Qttod
1501 2310 1566 2350 reru
1580 2295 1611 2352 S.
1634 2295 1799 2367 Hippolytus
1812 2294 1884 2352 eau-

221 2373 378 2450 y'uaettcttltts
391 2384 520 2425 annorum
544 2381 606 2421 statu
627 2366 654 2419 itt
669 2361 795 2419 Flatiade
813 2363 915 2416 ciuitate
934 2377 1026 2432 paseat
1079 2363 1247 2433 rheginensis
1259 2365 1406 2433 opiscopus
1417 2367 1509 2433 luerit,
1524 2367 1598 2422 solus
1610 2368 1709 2423 [reyger
1719 2367 1879 2425 mmmqq·

225 2458 273 2513 αἱ,
297 2455 409 2517 “illvm
429 2439 502 2493 ⁰2⁶st
519 2436 651 2500 Cffli‘lllis
672 2435 719 2490 sub
737 2433 854 2488 l'loeil‘li
873 2431 1026 2499 ild'llssllvt
1114 2435 1140 2488 5.
1163 2432 1309 2504 Gallienus,
1322 2444 1375 2492 ele.
1388 2438 1426 2493 lla
1440 2437 1522 2494 etium
1537 2438 1669 2495 Eusebius
1683 2439 1709 2494 itt
1728 2439 1882 2511 curatrice,

224 2533 299 2588 quem
314 2529 410 2586 praeses
425 2512 556 2565 detentum
571 2508 606 2563 ad
617 2506 746 2576 sacrificiu
761 2503 895 2568 suadebat,
910 2513 933 2557 et
945 2504 1028 2558 sacri·
1079 2505 1131 2562 ltoe
1149 2521 1230 2560 artata).
1873 2557 1876 2561 ,

224 2589 304 2659 ficare
327 2585 480 2639 abnuentem
500 2580 612 2653 [testibus
632 2579 698 2633 cadi
715 2576 812 2648 y‘etsst‘l,
838 2576 981 2645 iltrutttqae
998 2575 1027 2629 itt
1114 2577 1142 2632 A.
1164 2574 1299 2639 Gallicae,
1321 2582 1374 2632 etc.
1392 2575 1425 2632 Ει
1441 2575 1492 2632 ltoc
1506 2575 1719 2635 pytpfflgusgbqo
1735 2591 1885 2651 comm,

226 2659 334 2728 eqttulee
350 2655 461 2711 letatum
475 2653 586 2723 qraailer
601 2647 749 2722 ylaqellari,·
765 2656 787 2699 ει
801 2644 863 2699 inde
879 2646 1026 2713 depositum
1085 2656 1113 2702 et
1128 2649 1249 2702 catenis.

224 2730 252 2784 itt
263 2742 392 2785 carcerem
404 2724 508 2779 immitti
523 2722 592 2792 [erit.
607 2721 641 2774 ls'l
660 2716 846 2787 Asclepiodoro
864 2718 1027 2785 ntattey'ut·e·
1114 2716 1141 2771 5.
1157 2717 1283 2772 Claudius
1297 2713 1408 2783 Gotltos,
1425 2726 1480 2771 ete.
1494 2715 1550 2771 lloc
1565 2715 1646 2775 ltabct
1661 2719 1799 2776 Eusebius
1812 2738 1885 2780 ango

225 2801 266 2854 rtis
280 2798 430 2863 accersita,
452 2793 605 2847 ltortabatur
622 2787 699 2844 illum
720 2803 830 2859 pateres,
846 2796 873 2841 ul
893 2787 976 2853 fitium
992 2786 1028 2840 ad
1079 2787 1186 2844 Domini
1204 2788 1269 2852 ltu,
1288 2802 1337 2843 ttec
1352 2787 1490 2844 discordat
1508 2787 1618 2858 better,
1632 2792 1677 2862 qui
1694 2793 1765 2849 iratur
1783 2793 1840 2850 270
1857 2804 1887 2851 eg

226 2869 334 2925 deorum
348 2864 552 2922 immolationem
569 2863 623 2916 attis
636 2858 858 2914 exhortationibus
871 2858 1003 2911 induceret
1017 2871 1027 2911 :
1080 2860 1136 2914 273
1149 2860 1174 2914 id
1190 2864 1312 2915 enarr-at.

225 2955 284 3011 quae
298 2939 376 2993 trium
386 2938 489 2992 dierum
502 2934 622 2988 inducias
635 2930 785 3000 postulauit,
801 2931 827 2981 ia
838 2927 930 3000 quibat
941 2937 1026 2984 ntater
1115 2932 1142 2986 6.
1163 2928 1304 2994 Claudias,
1316 2935 1371 2983 ele.
1383 2925 1421 2981 De
1434 2923 1541 2982 Claudii
1553 2937 1650 2993 morte,
1666 2945 1727 3000 quus
1740 2930 1796 2989 lroc
1811 2950 1888 2993 annm

224 3012 310 3083 filium
320 3012 348 3064 ia
361 3007 458 3064 (iltrisli
473 3005 634 3074 confessione
647 2999 841 3055 corroborabat.
857 2997 955 3070 Elapso
965 3014 1027 3053 uero
1080 3001 1166 3058 Pirum
1179 3000 1287 3063 accidit,
1303 3002 1357 3068 aqit
1372 2998 1528 3055 Trebellius
1542 3017 1602 3057 cum
1615 3002 1686 3069 agis,
1702 3013 1729 3059 eq
1743 3003 1888 3064 Eusebius

225 3081 326 3147 triduo,
341 3094 400 3133 cum
410 3076 618 3147 Julianusy'useu
634 3072 753 3146 pra‘sidis
764 3072 871 3125 eductus
882 3087 898 3123 a
908 3071 1028 3123 custodia
1081 3073 1108 3128 in
1120 3071 1256 3129 Chronico
1268 3085 1340 3125 annno
1353 3068 1420 3123 ᾖτε,

225 3154 277 3208 diis
290 3150 441 3219 sacrificare
455 3155 629 3202 caratentaeret
646 3186 653 3211 ,
668 3144 727 3214 [ecit
744 3157 838 3215 praeses
853 3140 948 3195 adduci
965 3155 1027 3194 eac-
1116 3144 1150 3199 Α.
1165 3144 1196 3199 c.
1202 3142 1268 3198 2¹15.
1279 3171 1314 3183 -
1325 3143 1352 3196 l.
1363 3139 1526 3207 Quintillius,
1537 3147 1591 3195 ele.
1599 3139 1732 3201 Eusebius
1744 3145 1801 3203 hnc
1811 3161 1889 3207 snm,

226 3241 286 3279 eum
300 3239 358 3279 cum
371 3219 552 3293 serpentibus,
573 3226 597 3271 et
612 3231 709 3280 arettas,
724 3223 913 3284 martyremque
933 3210 1029 3293 Glaristt‘
1081 3215 1120 3271 sic
1131 3216 1187 3269 ait:
1212 3212 1366 3294 Quintillias
1386 3210 1488 3294 Claudii
1508 3213 1618 3294 statera
1637 3224 1729 3271 tenattt
1746 3217 1888 3293 Aequam

225 3296 254 3350 itt
267 3297 324 3368 ipsa
338 3293 442 3357 cottsut',
456 3291 525 3345 acin
541 3290 647 3360 palaque
659 3286 726 3340 ttritti
747 3290 757 3357 (
772 3294 817 3340 est
830 3284 903 3338 ettiru
918 3282 1028 3338 Platto-
1043 3261 1067 3321 Β
1081 3285 1241 3357 appellatus,
1263 3284 1470 3353 decimoseptimo
1488 3280 1598 3353 imperti
1619 3286 1661 3340 sui
1676 3288 1730 3354 die,
1752 3291 1887 3361 Aqsim

226 3367 301 3436 briga
317 3365 351 3421 ad
369 3377 445 3420 mare
458 3359 652 3418 Cantabricum
668 3359 748 3423 sita),
770 3365 799 3409 ut
818 3355 856 3408 sie
874 3364 926 3408 tarn
941 3370 1024 3425 aqua·
1080 3356 1215 3413 eraditur.
1233 3356 1272 3410 [le
1283 3353 1380 3410 eodem
1392 3353 1544 3409 'lrcbeliius
1557 3354 1584 3409 in
1598 3355 1721 3414 cumpo,
1803 3384 1806 3390 .

225 3452 284 3491 ruta
295 3434 531 3508 praeparationibus.
543 3447 621 3502 quam
635 3429 750 3501 {aarum
759 3425 886 3481 attoraibus
898 3425 1025 3479 interiret.
1115 3429 1143 3484 H.
1164 3425 1333 3492 Aurelianus,
1346 3435 1400 3480 ete.
1414 3423 1441 3480 ld
1454 3440 1487 3478 ur
1502 3422 1619 3494 vopisco
1629 3426 1886 3498 desumptumiiu-

225 3504 307 3575 clim
317 3520 411 3576 wilm
422 3504 453 3557 ⁰⁶
463 3505 678 3574 “ddssjwdlssm
689 3498 724 3552 αθ
732 3495 846 3552 ldillldm
861 3510 920 3566 ’Μ
933 3495 1029 3549 dicitur
1079 3499 1171 3555 sebius
1195 3499 1221 3552 itt
1239 3498 1375 3551 Cluruttico
1397 3497 1455 3548 lure
1470 3494 1571 3550 habet:
1597 3496 1756 3557 Aurelianus
1777 3500 1884 3560 Tetrica

229 3575 403 3631 Proconessus
424 3574 488 3644 (una
503 3570 655 3641 Sporadum
676 3570 765 3624 estin
788 3565 955 3636 Propontide
972 3580 1025 3621 nott
1078 3571 1150 3643 apud
1164 3569 1322 3624 datalatunos
1334 3566 1467 3637 ,prodente
1487 3567 1630 3623 exereitum
1654 3587 1754 3640 tuem,
1778 3571 1883 3631 Gallias

227 3649 336 3716 loagea
352 3644 535 3701 Cottstantiau
555 3642 609 3707 ali,
623 3641 658 3696 dc
673 3654 724 3709 quaa
741 3637 845 3694 Plinius
860 3637 907 3691 tib.
922 3653 949 3704 t,
965 3650 1027 3707 cap.
1079 3641 1182 3712 recipit.
1209 3638 1363 3693 Vocabatur
1389 3636 1523 3693 bontitius
1548 3635 1673 3699 Valerius
1697 3646 1881 3717 Aurelianus,

226 3717 301 3790 ult),
321 3715 505 3772 aCbristianis
523 3659 617 3767 iiidem
639 3709 812 3764 babitantibus
828 3708 974 3772 intumum,
1001 3709 1028 3761 ia
1079 3711 1157 3780 cuijus
1168 3710 1194 3766 iu
1206 3725 1239 3765 eo
1247 3709 1400 3764 liberalitas
1411 3709 1561 3779 pracsertim
1572 3710 1680 3781 enituit,
1692 3713 1767 3785 quud
1777 3716 1883 3773 tunic„

227 3800 314 3845 taoate
327 3789 412 3859 ipsius
425 3796 502 3841 terre
521 3785 651 3855 sepultam
664 3789 702 3836 eat
721 3779 791 3836 :abi
809 3778 892 3833 multo
914 3790 1029 3849 tempore
1079 3781 1180 3837 uiritim
1206 3796 1253 3850 per
1276 3779 1403 3850 poputum
1426 3779 1541 3844 dederit,
1565 3781 1683 3910 itemque
1698 3788 1882 3854 lrumeatum,

228 3863 283 3916 siae
293 3858 381 3932 aliqua
392 3858 557 3913 ueneratione
566 3854 672 3927 quieuit.
685 3848 853 3907 Postmultos
864 3865 923 3904 uero
934 3864 1027 3917 anatot,
1079 3852 1172 3909 oleum
1186 3860 1215 3908 et
1227 3852 1336 3906 vinum:
1351 3864 1384 3906 εχ
1399 3849 1483 3908 seggo
1495 3851 1615 3910 gymno,
1653 3855 1794 3913 etymo
1809 3857 1880 3915 qm

224 3933 322 3988 testatis
341 3941 474 4001 tempere,
503 3926 583 3982 utaris
600 3924 715 3997 procella
739 3923 940 3987 intumescente,
967 3936 1028 3992 pars
1079 3923 1257 3981 exercitttsiu
1274 3921 1546 3993 caltiauttttspanta
1563 3923 1879 3998 baeeCiaudiusimper.

225 4004 338 4070 atoatt's,
352 4001 394 4056 ubi
408 4018 472 4057 arcu
487 4000 536 4054 sita
550 4000 654 4068 luerat,
669 4013 686 4049 a
701 3994 768 4048 attari
783 3993 915 4058 diruitur,
929 3999 952 4046 et
966 4007 1029 4046 arca
1079 3994 1107 4052 lta
1121 3996 1217 4051 litteris
1232 3993 1266 4048 ual
1282 3995 1312 4048 ὃ.
1328 3992 1358 4048 P.
1373 3992 1405 4061 Q.
1418 3990 1452 4048 R.
1464 3991 1551 4050 datis:
1563 3993 1709 4062 Galliaeet
1725 3997 1879 4070 Hispanias,

225 4089 306 4127 ΜΝ
318 4075 345 4126 ⁵¹¹
360 4087 431 4126 ”lm
444 4071 565 4133 mittitur,
581 4085 640 4139 ullu
655 4066 744 4120 diuino
759 4074 823 4118 natu
837 4079 915 4135 super
928 4062 1028 4143 procel·
1080 4069 1145 4120 aites
1160 4065 1235 4189 Heiq.
1257 4063 1374 4119 Tetricus
1392 4071 1470 4118 tenet.
1486 4065 1572 4120 Porro
1586 4070 1765 4125 Aurelianum
1775 4071 1804 4126 in
1817 4070 1878 4126 llis·

226 4144 266 4198 1⁰⁸
276 4150 397 4207 eddim,
412 4141 446 4195 ui
458 4142 536 4193 aradis
551 4138 585 4191 ad
609 4150 713 4209 partum
730 4135 902 4188 Ariantnensis
916 4132 1028 4188 claatatit
1080 4138 1168 4206 paulis
1192 4153 1206 4190 a
1221 4135 1356 4207 iquaandiu
1373 4135 1546 4191 deruuratuut
1562 4146 1654 4195 narrat
1668 4138 1818 4211 equitanus
1831 4141 1878 4197 lib.

225 4213 271 4284 (ad
284 4226 361 4268 mare
376 4211 545 4267 Adriaticum
557 4209 630 4276 sitae)
642 4205 796 4270 adducitur,
813 4215 835 4258 et
848 4207 873 4257 in
886 4203 957 4258 littus
967 4207 1030 4276 jac·
1080 4222 1119 4274 ra,
1136 4222 1161 4261 e.
1178 4204 1224 4270 le,
1239 4209 1273 4262 de
1289 4206 1318 4263 S.
1332 4206 1451 4262 Sabiona
1466 4217 1585 4281 tatartyre
1598 4226 1691 4281 agens.
1707 4211 1806 4269 Exstat
1816 4211 1879 4268 uu·

226 4292 307 4338 tatur.
324 4282 400 4349 Quod
411 4284 480 4337 cites
494 4279 663 4341 admirantes,
675 4275 764 4346 qaiacl
778 4282 1026 4345 partumtuaerartt,
1079 4281 1187 4333 cinianu
1206 4277 1306 4332 ruolailis
1323 4277 1464 4334 Aureliani
1484 4281 1627 4350 mutuatio,
1653 4281 1733 4352 cujus
1756 4280 1878 4340 munitiola

226 4366 251 4411 et
261 4353 321 4410 luce
330 4354 498 4425 superialusa
507 4366 595 4405 arcam
606 4363 683 4420 super
693 4362 776 4417 atquae
788 4354 878 4401 natare
889 4359 1029 4418 cartspeae·
1080 4349 1197 4406 llorales
1210 4348 1243 4403 ad
1256 4362 1357 4404 erutum
1370 4347 1434 4419 ule,
1455 4349 1483 4406 in
1497 4364 1550 4421 qut
1562 4364 1675 4409 tueatur
1696 4352 1730 4410 L.
1744 4353 1876 4412 Domitius

226 4435 298 4490 rattt,
315 4422 445 4480 tumulum
459 4438 528 4477 cunt.
539 4436 615 4475 sacro
635 4433 742 4490 corpore
763 4418 881 4488 plattstra
897 4417 1028 4484 intpasttc·
1080 4419 1254 4476 Aurelianus,

224 4507 297 4567 runt,
312 4506 335 4550 et
347 4494 381 4549 ad
397 4492 542 4548 Ecclesiam
557 4494 681 4564 majorem
703 4489 770 4542 illud
790 4489 889 4560 deferre
903 4486 1025 4554 volcmer,
1116 4493 1149 4548 A.
1165 4494 1196 4546 tl.
1210 4489 1273 4546 ete.
1290 4519 1325 4531 —
1339 4489 1366 4542 l.
1379 4485 1506 4544 Eusebius
1517 4487 1692 4560 uaoatceaur,
1708 4501 1765 4550 ele.
1782 4492 1874 4552 θεοῦ·

224 4569 311 4640 ipsum
324 4566 385 4621 inde
403 4580 521 4621 antatere
536 4562 685 4617 trullateaus
700 4569 861 4629 potuerant,
882 4558 928 4613 aad
946 4573 1028 4629 aeque
1079 4561 1142 4618 dem
1157 4562 1213 4632 agit
1229 4562 1299 4616 ulter
1320 4559 1462 4627 Eusebius,
1484 4560 1589 4619 seilicet
1607 4563 1798 4632 unctuosum.
1821 4577 1872 4621 tuat

223 4655 311 4694 aream
326 4638 428 4711 aperire
442 4633 591 4707 aliqualiter
600 4632 748 4688 uoluerunt.
766 4631 882 4686 Tandem
895 4639 953 4700 past
965 4631 1022 4683 die·
1036 4639 1059 4703 C
1077 4632 1129 4688 lonc
1138 4649 1209 4688 aaron)
1222 4633 1247 4686 ip
1259 4631 1405 4698 chronico,
1420 4639 1476 4686 gum
1491 4632 1537 4687 fig,
1552 4636 1567 4689 7
1580 4633 1650 4690 μεθ’
1662 4634 1785 4703 Εωιωη
1797 4638 1870 4694 coqu·
1889 4657 1892 4662 .

222 4727 281 4765 rum
295 4709 412 4782 plurium
428 4711 560 4763 arationes
571 4713 596 4760 et
608 4705 722 4778 jejunia,
737 4699 854 4757 locanes
869 4701 949 4755 abbas
966 4715 1024 4754 nto·
1112 4704 1140 4757 2.
1162 4702 1332 4758 Aurelianum
1349 4699 1448 4766 Hatita,
1462 4716 1515 4758 ete.
1536 4703 1635 4761 Narrat
1647 4705 1803 4764 Trebellius
1815 4706 1870 4764 eat·

223 4781 331 4837 austerii
353 4781 385 4837 S.
400 4778 473 4834 Petri
491 4787 564 4833 satra
577 4777 705 4831 ciuitatem
724 4774 788 4838 siti,
808 4773 954 4844 sepulcrum
966 4787 1023 4825 cum
1078 4773 1127 4840 lio,
1143 4774 1357 4829 Palmircnorutn
1370 4776 1490 4843 reginam
1502 4773 1648 4833 Zenobiou.
1661 4777 1718 4849 (ρει
1731 4793 1798 4835 pem
1815 4776 1869 4835 pgr.

222 4868 332 4921 carpere
345 4854 401 4924 ejus
415 4851 533 4906 rediculo
546 4849 698 4918 impositum
712 4846 826 4918 faciliter
838 4845 935 4909 tnoait,
951 4851 974 4896 ct
989 4841 1025 4895 ad
1077 4860 1153 4915 tuyra
1169 4844 1254 4917 Syria·
1276 4844 1361 4915 rogia,
1385 4844 1425 4901 sic
1445 4845 1519 4900 dicta
1541 4847 1576 4903 ab
1593 4862 1654 4917 eytts
1674 4849 1796 4906 nominis
1809 4847 1868 4905 urbo

223 4921 367 4979 Ecclesiam
389 4938 464 4975 ettam
484 4919 603 4974 adducit.
619 4918 652 4972 Ha
666 4916 794 4987 patefacto
809 4916 897 4969 leuiter
910 4913 1023 4981 tumulo,
1078 4916 1149 4972 iuter
1163 4916 1347 4971 liomanoruttt
1360 4914 1493 4972 ditionem
1505 4918 1569 4980 sita,
1580 4932 1614 4973 es
1626 4917 1701 4977 utut.
1715 4919 1763 4977 lib.
1775 4934 1865 4989 t,eep.

224 5008 321 5061 carptas
337 4991 368 5048 S.
384 4988 487 5047 Juliaai
501 4990 623 5058 martyris
646 5003 698 5040 aaa
721 5001 779 5039 cam
793 4985 903 5039 aestibus
917 4984 1023 5039 omttitto
1076 4986 1122 5053 lai,
1135 4996 1163 5045 ut
1175 4987 1245 5042 Pila.
1256 4986 1303 5041 lib.
1314 5001 1341 5053 t,
1352 4999 1413 5055 cap.
1424 4986 1473 5056 25)
1484 4998 1545 5058 post
1558 4988 1674 5047 Odenati
1687 4991 1737 5048 riri
1751 4989 1868 5049 suimus·

222 5063 401 5135 incorruptam
412 5063 521 5116 interiit.
534 5058 669 5114 Passionis
679 5072 779 5127 quaeqae
788 5055 949 5128 apitapltiam
962 5070 1024 5108 can·
1077 5065 1142 5125 tem,
1154 5059 1208 5114 tas
1230 5060 1267 5112 ria
1285 5059 1469 5113 llotttanoruut
1487 5061 1589 5117 rexisse
1602 5062 1765 5130 imperium
1780 5076 1866 5118 uastu-

222 5133 345 5201 scriptam
360 5132 454 5186 ibidem
467 5139 596 5202 repertum
609 5144 696 5182 caram
709 5127 828 5181 omaibtts
841 5128 912 5207 leqt't.
926 5124 1024 5179 uratu-
1078 5144 1130 5198 que
1153 5146 1187 5186 cx
1210 5074 1245 5186 ill
1267 5127 1402 5200 Tyrannus
1424 5129 1518 5198 luisse,
1544 5134 1589 5201 qui
1613 5143 1738 5203 temporo
1758 5129 1867 5190 Gallieni

221 5218 272 5274 que
286 5206 313 5257 in
328 5203 386 5268 ipsa
401 5219 462 5259 arca
476 5211 574 5274 septem
594 5202 680 5271 capita
700 5211 844 5269 martyram
864 5205 1021 5270 aqttatorum.
1077 5203 1173 5256 orbem
1189 5203 1361 5271 usurparint:
1384 5210 1541 5272 separatam
1553 5201 1663 5259 taudem
1678 5207 1713 5260 ab
1728 5205 1867 5261 Aureliano

223 5274 257 5327 ln
272 5273 330 5344 ipso
343 5274 422 5344 iqitur
434 5275 490 5328 loco
504 5288 598 5344 carpus
610 5287 668 5324 cum
678 5285 740 5324 arca
752 5269 897 5340 depositum
910 5267 944 5321 ad
955 5282 1024 5338 prte-
1078 5271 1104 5327 in
1121 5273 1200 5326 trium
1223 5272 1286 5326 tuum
1300 5267 1443 5326 deductam
1460 5270 1557 5342 quisse,
1577 5274 1658 5346 eique
1673 5275 1761 5348 prinei
1782 5275 1806 5331 ᾗ,
1818 5272 1868 5331 ὼ,

222 5361 282 5399 seras
303 5362 331 5398 ut
352 5361 383 5398 ue
402 5345 524 5414 quiescit:
548 5358 640 5413 passus
656 5351 693 5396 ert
710 5356 736 5395 ta
750 5339 802 5395 ital.
825 5338 913 5404 lulli,
927 5339 953 5394 id
969 5347 1023 5404 est,
1077 5339 1177 5398 ntetttia
1212 5342 1297 5413 yburu
1308 5343 1508 5413 possessiouem
1520 5359 1692 5412 concessam,
1704 5345 1750 5401 ubi
1762 5290 1869 5403 ioneste

223 5416 269 5470 die
282 5360 414 5470 salutat.
437 5413 514 5481 Quod
527 5414 578 5469 sub
592 5411 676 5469 becio
691 5425 789 5482 passus
807 5410 910 5466 dicitur
925 5410 1022 5466 eodem
1077 5423 1179 5483 ageret.
1207 5412 1343 5484 additque
1365 5426 1397 5468 ca
1417 5415 1542 5472 castitate
1561 5414 1646 5472 luisse
1667 5416 1823 5487 praeditam,
1844 5424 1870 5473 ut

222 5486 305 5543 titudo
328 5485 501 5555 interpretari
524 5491 652 5555 oportet,
671 5497 704 5540 ae
719 5482 785 5539 illud
808 5479 880 5552 quod
902 5481 930 5536 in
952 5480 1024 5536 Lau·
1078 5497 1130 5539 aee
1144 5499 1205 5538 cum
1221 5487 1280 5540 tiro
1293 5497 1354 5551 suo,
1370 5484 1521 5612 raisiqrulis
1534 5487 1621 5558 gratia
1635 5488 1868 5560 eotagredereturt

221 5560 303 5614 rentii
319 5557 452 5628 martyrio
467 5555 600 5628 legimus;
614 5554 642 5609 id
662 5563 724 5621 est,
739 5552 812 5627 quod
828 5553 1020 5623 persecutione
1074 5570 1104 5610 rc
1123 5556 1158 5609 ali
1181 5556 1302 5625 alioquin
1317 5569 1413 5626 pompa
1450 5572 1573 5614 casarum
1594 5557 1652 5614 lere
1670 5558 1755 5617 nodo
1768 5556 1873 5617 adorari

219 5628 296 5685 becii
320 5626 503 5712 occubuerit,
525 5640 591 5710 quar·
608 5626 733 5708 smaltis
747 5624 843 5682 eadem
865 5623 957 5679 Habita
978 5633 1020 5679 cst
1073 5640 1104 5680 so
1119 5636 1180 5710 atam
1195 5628 1287 5693 asnis,
1305 5624 1375 5682 etad
1387 5629 1694 5712 concionemgaleatam
1707 5631 1872 5714 procedere,

220 5716 283 5824 mii
296 5711 486 5842 &arimini
498 5696 667 5825 gqlerstqqrcfi
693 5764 835 5850 Hippolyti
863 5765 934 5849 passi
955 5779 1018 5822 eum
1071 5698 1875 5845 ilcila,¹¹iiiiiiiliipsuertigriaiegfficsifeffiiegiitiiit'tigssbriiffi

219 5839 270 5896 SS.
293 5841 386 5898 Helice
399 5840 625 5914 etSympltrouiu
644 5837 713 5894 tosta
738 5839 797 5894 dtes
817 5838 905 5909 agitur
918 5854 945 5894 tn
960 5834 1017 5891 llo·
1071 5841 1113 5896 nis
1127 5840 1332 5924 peritissimum,
1358 5838 1447 5924 Latini
1471 5857 1525 5900 nou
1539 5847 1676 5916 ignaram,
1690 5787 1872 5911 iirientalem,

226 5924 307 5969 tatano
320 5912 511 5988 Hattyrologio
528 5910 561 5971 ad
576 5907 737 5970 eduorum.
754 5909 903 5985 Hastatqae
915 5922 1011 5967 corum
1070 5911 1338 5983 Alematdrtnamque
1362 5910 1504 5973 instoriam
1527 5916 1707 5988 epitomasse.
1727 5916 1874 5993 sultjuaqit
