4192 6434
228 349 280 414 art

410 431 426 445 ‘⁴
490 473 569 549 ppo
586 472 701 532 otrus
719 472 764 531 rt.

228 575 331 668 Curua,
354 606 400 647 rea
424 589 584 659 Persarum,
608 602 690 648 totum
716 589 847 647 Orientem
872 590 1025 660 popualutur,

261 661 420 748 iiubplouem
451 664 539 720 urbem
568 664 768 721 munitissimum
793 664 884 736 rupit,
911 662 1027 717 cresunt

260 745 350 790 otnett.

261 845 1026 923 ¹igitureodemtemporecyrus,rerderrrrummmm

226 941 354 1012 superius
372 939 541 1011 explicandae
563 939 685 998 bistorie
699 957 779 999 causa
795 947 1027 1001 commemorare·

225 1045 295 1103 ram,
311 1034 357 1106 qui
369 1042 434 1090 tuuc
452 1033 556 1101 Asiam,
570 1033 721 1105 Scythiam,
733 1039 873 1107 tutumque
886 1033 1025 1093 Orientem

223 1122 309 1183 arteris
319 1123 528 1197 pervagabatur,
536 1125 767 1198 eum‘l'arquiuius
779 1127 1024 1197 Superbusllrbem

223 1217 266 1276 rel
278 1233 337 1289 rer,
349 1219 390 1275 rel
402 1218 543 1276 ltostlsaut
553 1219 665 1276 servitio
676 1218 816 1290 premebat
826 1230 872 1275 aut
881 1220 964 1288 belle,
972 1220 1026 1293 Cy·

224 1311 320 1385 ruslut
329 1309 518 1384 dixilcnnctis,
527 1311 672 1369 adversum
684 1325 752 1384 qrtos
764 1313 844 1378 ierat,
852 1312 1024 1382 perdomitis,

224 1404 352 1479 Assyrios
370 1405 423 1461 et¹
443 1403 619 1477 babyloniam
640 1403 717 1476 petit,
736 1413 854 1476 pentem,
877 1403 1026 1474 urbemque

224 1497 287 1556 t'uuc
300 1497 403 1555 eunctis
418 1495 633 1569 opulentiorem:
647 1497 694 1555 sed
709 1497 841 1569 impetum
854 1496 937 1567 ejus⁸
952 1496 1029 1569 Gyn-

223 1587 1026 1661 desdrrrilts,secundoepostEupbratemmagnitudinisio·

223 1665 1024 1757 ter'eipit.¹llam'diiumregiorumeiruorum,eaudoreior·

219 1777 316 1848 mariue
328 1767 424 1851 101¹
435 1767 625 1840 ex‘eellentem,
636 1771 823 1829 transmeandi
833 1770 930 1827 ddueta
941 1772 952 1803 ¹
963 1785 1021 1841 per·

783 349 1022 415 utsroutttuat
1040 349 1144 414 street
1163 351 1197 415 tt.
1218 355 1296 417 cte.
1317 358 1363 419 u.
1404 307 1412 316 ⁸

1037 471 1124 535 Ares
1138 473 1344 543 attollebantur,
1360 473 1516 548 abreptum,
1535 476 1792 553 precipitatumuue
1809 496 1884 540 mer·

1826 367 1881 429 ist

1079 576 1162 625 serat.
1181 568 1240 625 lies
1255 570 1339 626 iratus
1353 570 1448 627 ulcisci
1471 574 1498 627 lu
1513 587 1622 629 amnem
1641 576 1748 643 statuit,
1761 578 1773 609 ⁸
1786 585 1882 633 eonte-

1078 668 1154 717 stans
1167 675 1240 728 eum,
1256 664 1325 732 ¹out
1340 676 1413 718 nuno
1433 674 1486 717 tam
1504 664 1664 734 preclarum
1680 682 1779 738 euutrm
1797 683 1879 725 rora-

1078 753 1175 822 risset,
1191 754 1299 812 leminis
1313 756 1356 812 rir
1367 770 1454 827 genua
1471 757 1637 828 tingentibus
1649 760 1672 793 ¹⁰
1683 761 1879 831 permeabilem

1078 846 1298 920 relinquendum.
1311 847 1368 905 Nee
1381 849 1402 881 ¹¹
1425 851 1581 922 peraperta
1606 853 1728 922 segnior,
1750 856 1814 910 totis
1828 868 1879 912 co·

1077 939 1130 1010 plis
1148 942 1170 972 ¹¹
1196 941 1300 1011 perpeti
1319 956 1393 997 atino
1418 941 1532 1015 Gynden
1556 944 1666 1000 flurium
1692 962 1741 1016 per
1767 963 1881 1019 mappas

1077 1033 1216 1088 eoneisttm
1232 1033 1434 1106 deductumque
1449 1035 1550 1106 iussas,
1577 1037 1600 1071 ¹¹
1614 1038 1641 1093 in
1661 1040 1878 1113 quadringentos

1077 1126 1216 1196 sexaginte
1242 1127 1334 1182 alveos
1358 1127 1528 1184 comminuit.
1560 1129 1600 1183 Eo
1625 1144 1708 1199 opere
1734 1133 1880 1201 praeductis

1078 1215 1238 1284 fossoribus,
1262 1220 1343 1275 etiam
1369 1219 1535 1290 Euphratem
1561 1221 1642 1293 longe
1666 1224 1876 1290 ualidissimum,

1077 1320 1104 1368 et
1123 1311 1240 1367 mediam
1258 1312 1434 1384 balryioniam
1457 1313 1670 1383 interfluentem,
1687 1314 1833 1373 «irritavit.
1855 1319 1879 1352 ¹¹

1076 1402 1117 1459 Ac
1129 1404 1168 1459 ric
1184 1404 1344 1462 meabilibus
1362 1404 1438 1461 radis
1449 1406 1564 1472 siccum,
1580 1408 1664 1463 etiam
1687 1409 1841 1474 'naualibus
1852 1411 1876 1443 ¹¹

1076 1499 1145 1555 alvei
1169 1499 1302 1570 partibus,
1331 1499 1383 1555 iter
1406 1499 1472 1556 iecit
1487 1518 1493 1553 :
1510 1501 1638 1572 cepitque
1661 1503 1739 1575 102
1767 1503 1876 1570 urbem,

1076 1603 1156 1664 quam
1171 1592 1212 1647 rel
1233 1591 1351 1647 humano
1366 1592 1389 1624 ¹¹
1402 1607 1485 1662 opere
1496 1594 1602 1650 exstrui
1617 1596 1749 1666 potuisse,
1764 1596 1810 1651 rel
1826 1597 1878 1652 bu·

1074 1697 1155 1738 utana
1173 1682 1276 1740 virtute
1288 1683 1392 1740 destrui
1407 1697 1498 1754 posse,
1515 1692 1658 1756 utrumque
1671 1701 1742 1758 pene
1757 1687 1878 1744 incredi-

1076 1774 1131 1831 bile
1144 1777 1213 1845 apud
1237 1775 1367 1831 mortales
1384 1783 1454 1831 erat.
1480 1775 1601 1847 Namque
1629 1777 1805 1851 Babyloniam
1821 1794 1835 1832 a
1853 1780 1875 1813 ¹¹

216 1883 340 1938 suasum,
352 1883 403 1939 qua
415 1881 464 1940 per
475 1867 601 1938 rapdoem
615 1859 720 1921 al'reum
731 1865 741 1897 ¹
754 1860 1017 1919 olleasiradurortl·
1036 1851 1058 1920 b
1073 1866 1189 1923 ilemrod
1205 1868 1312 1937 gigante
1327 1866 1477 1935 laudatam,
1489 1882 1505 1922 a
1515 1868 1585 1925 Nino
1600 1869 1642 1926 rel
1659 1871 1682 1904 ¹³
1696 1869 1877 1929 Semiramide

871 1976 1098 2038 flatunctttt’i
1117 1978 1234 2037 NOTAE.

253 2096 319 2150 (tar.
337 2092 448 2148 tlt—t.
461 2090 548 2165 ipitur
558 2090 648 2145 eoutrnr
658 2096 780 2160 tempore.
794 2088 879 2161 bugd.
892 2090 951 2147 liat.
965 2102 1020 2149 tres

214 2175 243 2224 et
255 2167 326 2222 Coll.
344 2163 478 2231 Granum,
495 2161 581 2230 ipitur
596 2176 625 2216 eo
641 2169 763 2228 tempore.

249 2236 278 2292 Ξ.
300 2234 478 2306 babylonium.
491 2227 641 2288 Florentinl
653 2239 720 2302 tres,
740 2229 921 2303 Rubrianum,
937 2243 964 2290 et
978 2234 1019 2290 sie

218 2309 277 2366 lere
291 2319 411 2375 surriper.

251 2379 278 2435 5.
300 2375 404 2450 Gyndes
425 2375 529 2447 lluoiur.
550 2374 627 2442 Quod
644 2371 671 2428 in
686 2372 806 2429 historiis
822 2375 915 2430 notior
928 2385 963 2430 stt
979 2375 1021 2431 lu-

215 2451 267 2507 dim
282 2450 378 2504 liutius
392 2447 511 2516 Ganges.
527 2446 605 2500 multi
616 2459 652 2502 ex
665 2459 731 2499 rurs.
743 2452 772 2499 et
782 2444 862 2518 editis
874 2461 1021 2516 perperam

215 2535 316 2579 norrten
328 2520 391 2583 hire,
403 2517 475 2589 quod
491 2514 641 2572 litorerttini
655 2530 750 2569 orrrnos
763 2517 891 2586 ileusque
905 2519 1021 2574 inteme-

215 2597 304 2649 'ratum
325 2599 449 2654 serrant,
465 2590 646 2658 scripserunt.
662 2587 691 2641 ln
714 2586 871 2642 Florentino
886 2589 975 2657 primo
993 2591 1019 2645 ia

215 2677 304 2733 marg·
324 2659 411 2732 Gpues
432 2673 555 2727 tueatur,
571 2658 671 2730 Gpues,
686 2657 780 2729 fluuius
796 2656 949 2729 Rabylonis,
965 2659 1019 2716 Sed

215 2743 280 2790 iera
300 2738 434 2801 scriptura
456 2730 560 2801 (ipsium
579 2737 632 2786 est.
654 2729 779 2785 i'ibttlius
794 2729 841 2784 lib.
858 2745 895 2797 tlt,
911 2734 981 2803 eleg.
998 2748 1018 2801 t,

215 2809 291 2863 r'ers.
304 2804 368 2870 ill,

437 2893 555 2960 Rapidus,
570 2893 625 2960 Cyri
634 2893 769 2958 dementia,
782 2885 891 2961 Gyndes.

218 3012 385 3077 llerodulus,
402 3011 545 3068 historiam
561 3011 631 3068 hane
646 3026 761 3068 arrrrans
776 3012 824 3067 lib.
842 3029 860 3080 r,
876 3028 936 3083 cap.
955 3014 1018 3081 189,

217 3099 246 3155 p.
262 3085 308 3151 lli,
323 3083 437 3156 Gynden
453 3098 572 3151 arnueur,
588 3096 679 3138 ortum
693 3085 719 3137 in
735 3083 857 3138 diationis
869 3087 1017 3151 montibus,

219 3172 270 3229 per
285 3158 442 3211 baruarneas
457 3154 554 3221 linere,
569 3163 650 3224 atque
662 3155 690 3209 in
706 3153 808 3223 Tigrim
825 3156 899 3209 estre
914 3157 1017 3213 scribit.

255 3227 283 3284 l.
300 3227 442 3281 lienteum
457 3242 539 3279 uuum
552 3226 682 3293 repletum
691 3227 815 3291 euuitunt.
831 3225 907 3280 lintre
918 3227 1017 3291 luerim,

219 3308 250 3353 nt
261 3299 288 3354 in
305 3297 430 3352 oumibus
447 3297 524 3351 libris
537 3298 655 3366 antiquis
669 3295 837 3365 descriptum
855 3296 1016 3362 invenimus,

1110 2093 1136 2150 d.
1159 2093 1330 2152 Persuasum.
1346 2095 1397 2151 lid.
1414 2110 1468 2165 pr.,
1489 2113 1622 2170 persuaso,
1638 2106 1668 2154 ul
1685 2098 1792 2155 seilicet
1814 2099 1877 2170 J'uu·

1074 2174 1153 2235 parur
1168 2179 1230 2220 oum
1250 2168 1432 2236 equitatuum
1449 2169 1475 2223 iu
1492 2169 1538 2224 illa
1553 2169 1621 2226 edit.
1639 2172 1788 2228 itrreuitur.

1110 2237 1137 2290 l.
1161 2236 1260 2305 Offcnai
1280 2237 1345 2291 oudo
1362 2240 1480 2292 uertices.
1499 2239 1567 2295 Edd.
1583 2256 1624 2309 pr.
1639 2241 1726 2296 Paris,
1742 2250 1769 2296 el
1785 2240 1876 2298 Vetto·

1077 2317 1122 2372 tae,
1140 2306 1233 2373 offerrui
1247 2309 1313 2362 reuda
1327 2309 1441 2363 uerticis.
1459 2310 1525 2367 bles.
1548 2310 1658 2381 quidam
1679 2311 1806 2367 familiari
1831 2327 1876 2368 er·

1074 2392 1149 2447 roro,
1164 2379 1281 2432 uertices.

1110 2452 1137 2504 8.
1166 2446 1389 2505 Corrtestuutettm
1419 2450 1446 2504 ei
1468 2466 1545 2517 nuno,
1570 2461 1625 2507 etc.
1641 2450 1803 2517 llerodotus,
1827 2456 1876 2509 καὶ

1074 2521 1098 2575 oi
1122 2520 1286 2583 ἐπηπείλησε,
1311 2521 1380 2577 οὕτω
1401 2468 1434 2581 iri
1462 2544 1504 2594 μιν
1518 2524 1626 2580 ἀσθενέα
1648 2526 1776 2588 ποιήσειν,
1805 2525 1874 2580 ὥστε

1073 2599 1121 2647 τοῦ
1134 2592 1224 2645 λοιποῦ
1240 2595 1415 2667 resipuerimus
1429 2616 1471 2665 μιν
1488 2596 1613 2655 εὐπετέως
1626 2595 1655 2651 τὸ
1676 2594 1739 2665 γόνυ
1753 2599 1788 2665 μή
1812 2596 1876 2667 bpa-

1074 2661 1179 2734 χούσας
1193 2660 1372 2722 praeuncta.
1391 2664 1506 2719 dlinutus
1519 2676 1567 2733 ert,
1581 2682 1608 2719 te
1623 2664 1690 2718 illud
1702 2664 1768 2718 odeo
1782 2663 1876 2719 uetiti·

1073 2743 1197 2796 tuterunt,
1223 2744 1249 2785 ttt
1263 2734 1288 2786 in
1304 2744 1435 2804 posterum
1448 2737 1553 2801 {runnu
1566 2752 1650 2808 pertua
1670 2752 1722 2790 trun
1746 2735 1875 2808 tiupeutea

1073 2805 1151 2875 [urile
1166 2804 1215 2857 rint
1230 2808 1390 2861 transiture.
1429 2806 1513 2862 Ftuu.

1108 2876 1135 2931 1).
1158 2875 1209 2942 Qiri
1225 2891 1301 2930 tinae.
1323 2876 1373 2932 tto.
1399 2892 1440 2946 pr.
1462 2878 1549 2934 Paris.
1566 2886 1594 2934 et
1606 2875 1727 2942 Veneta,
1743 2876 1788 2948 qui
1806 2884 1871 2933 tom.

1073 2946 1191 3015 liittorp.
1213 2946 1354 3002 liberalior
1382 2958 1527 3019 utrumque
1551 2950 1652 3019 posuit,
1680 2963 1759 3020 quam
1786 2949 1874 3004 secuti

1072 3016 1153 3073 Febr.
1169 3029 1194 3071 et
1209 3016 1297 3073 Scott·
1312 3018 1465 3086 ediderunt,
1481 3019 1526 3089 qui
1540 3036 1607 3074 arene
1626 3030 1679 3074 turn
1704 3018 1872 3089 proeeluratm,

1072 3088 1270 3156 rclragautibns
1286 3104 1351 3143 iuss.
1364 3090 1490 3145 ouutrbus
1506 3102 1532 3144 et
1546 3089 1626 3147 Viuo.
1643 3090 1841 3145 bellovacensi.

1109 3158 1153 3213 10.
1174 3155 1371 3213 Perrneultr'lern.
1395 3159 1463 3215 Edd.
1485 3175 1526 3228 pr.
1555 3160 1655 3225 Paris,
1671 3160 1794 3225 tenete,
1817 3174 1874 3213 ete

1072 3229 1261 3299 permeabilem,
1278 3241 1343 3293 eto,
1360 3239 1510 3300 sequuntur
1525 3230 1590 3284 liitt.
1613 3239 1641 3286 et
1663 3228 1800 3298 Bnisuinp.
1817 3228 1874 3285 Sed

1072 3299 1107 3354 ab
1120 3302 1188 3369 berg.
1204 3310 1261 3354 eta
1279 3313 1344 3354 mss.
1364 3300 1452 3356 abest.

219 3370 261 3427 siu
280 3369 488 3440 imprimeudum
503 3368 668 3422 errrarimus.
685 3367 797 3422 lirosius
811 3381 869 3422 rem
885 3367 919 3421 ab
935 3367 1055 3462 Hero-C
1107 3371 1152 3425 ll.
1174 3370 1336 3441 Pcrupendo.
1358 3370 1408 3426 ltu.
1425 3376 1505 3437 brim,
1521 3368 1718 3497 inperugeadu.
1733 3378 1802 3427 utet
1816 3371 1873 3440 pri·

218 3441 287 3496 elato
305 3442 434 3505 sumpsit,
450 3440 495 3509 uui
511 3439 545 3493 de
559 3437 654 3507 Gytnle
669 3446 696 3494 et
710 3439 780 3509 cyro
796 3439 831 3492 ita
847 3437 954 3496 scribit.
969 3448 1020 3494 Ἐν·
1074 3456 1116 3496 tna
1132 3449 1157 3497 et
1172 3441 1344 3501 parisiensis.
1361 3451 1441 3510 utque
1454 3442 1608 3513 liogrurtiua

220 3513 305 3570 θαῦτα
322 3511 344 3567 ui
362 3519 413 3567 τῶν
433 3532 474 3574 τις
493 3510 565 3595 {epeia
586 3512 671 3565 ῖππῶν
691 3515 742 3565 τῶν
761 3509 854 3564 λευκῶν
867 3510 919 3565 ὑπὸ
931 3511 1020 3588 dipsas

220 3583 302 3645 ὶσὸὰς
313 3584 338 3643 tr
351 3582 394 3638 τὸν
403 3601 529 3652 arreptor.
543 3580 680 3636 daedaleum
691 3582 821 3706 incofusa·
835 3580 886 3636 idi
896 3604 939 3655 μιν
953 3604 1022 3653 συμ-

220 3653 310 3724 ψήσας
329 3654 494 3730 ὐποὸρύχιεν
509 3655 618 3725 οἰχώκεε
631 3654 721 3727 φέρων.
751 3652 791 3705 iic
807 3670 873 3706 ttrttts
887 3669 1021 3707 alterorum

219 3739 357 3794 quorum,
382 3727 494 3778 caudore
515 3722 652 3790 excellens,
676 3737 730 3791 prce
748 3724 843 3794 ferocia
868 3724 966 3792 flnttrcn
981 3725 1022 3777 iu·

222 3812 339 3866 presses,
362 3797 472 3848 transire
493 3796 635 3848 currebatur
651 3810 659 3846 :
674 3811 746 3858 rprrnr
767 3796 862 3864 titrrucn
886 3795 1021 3848 vorticibus

222 3869 350 3934 conlurpu
365 3883 394 3920 nr
408 3866 519 3936 abripuit
531 3873 555 3919 rt
569 3867 666 3920 rnerrr'r.
682 3864 763 3919 i'ton.
778 3894 814 3904 -
826 3866 954 3932 Quamuis
964 3880 1022 3920 οιιι-

223 3950 274 3993 net
286 3937 348 3992 libri
367 3936 544 4006 rnarurseripti
559 3936 598 3992 sie
610 3936 781 4000 extuberent,
798 3951 965 4004 nequaquam
982 3945 1022 3990 ta·

224 4023 288 4063 rnen
313 4008 349 4061 ita
372 4007 492 4064 seribere
516 4009 612 4077 potuit,
636 4008 678 4062 rol
693 4006 937 4076 scripsitOrosius,
953 4007 1022 4062 ior-et

224 4081 298 4134 enim
322 4078 373 4133 boe
391 4078 526 4136 tier-adoni
543 4081 567 4132 in
583 4093 614 4133 os
629 4080 826 4133 oorrtradieere.
843 4078 968 4132 Orosinttt
983 4080 1022 4132 sic

223 4164 279 4205 non
290 4149 432 4218 scripsisse
445 4163 510 4204 mss.
522 4149 649 4212 duorum,
663 4147 831 4203 Perizoniani
843 4148 948 4217 lleique
958 4164 1024 4204 eou-

225 4229 316 4277 testns
339 4219 492 4282 eortbrntat,
508 4223 534 4274 in
567 4220 664 4290 utribus
687 4237 811 4291 equorum
835 4224 1021 4288 elateexstat;

223 4292 327 4347 deinde
342 4305 395 4346 non
411 4297 529 4362 potuisse
542 4292 577 4345 ita
589 4292 721 4358 seribere,
734 4291 779 4345 illa
790 4305 851 4362 quae
861 4301 1021 4361 somniatur,

223 4362 336 4432 dorent,
352 4363 466 4417 candore
479 4365 612 4434 [erutaque
626 4362 802 4430 excellentem,
813 4363 939 4416 candoris
949 4364 1023 4418 enim

225 4434 286 4488 laris
309 4435 421 4489 omnino
442 4433 476 4488 ad
497 4449 595 4504 equum
617 4435 748 4501 pertinet,
769 4448 849 4505 quem
869 4447 884 4486 a
904 4436 1023 4489 cautiore

225 4503 299 4572 (clus
318 4503 390 4560 eninr
406 4504 506 4560 eoloris
527 4504 596 4560 sacri
613 4503 650 4559 illi
665 4505 728 4574 eqni
742 4518 804 4559 esse
818 4502 967 4575 debebant)
981 4505 1024 4559 iti-

224 4576 289 4632 dern
305 4575 505 4631 ourntnenrlarit
526 4574 691 4631 llerodulus.
706 4573 842 4644 integrunt
857 4589 922 4629 reru
935 4576 1022 4631 lucum

225 4661 261 4702 ex
277 4661 342 4700 mss.
359 4645 477 4702 lectione
492 4647 671 4713 restituimus,
686 4645 730 4699 uiri
750 4646 822 4700 enim
836 4646 935 4715 vulgati
947 4646 1024 4702 exiti·

226 4717 304 4786 beist,
319 4716 392 4772 Nutu
404 4733 461 4771 cunr
472 4734 563 4780 utrum,
577 4718 673 4773 decern
686 4716 747 4771 libri
761 4730 827 4771 mss.
840 4716 912 4785 iique
924 4718 1022 4773 metio-

1647 3442 1721 3506 cottl,
1742 3441 1791 3497 sed
1806 3456 1874 3497 eon·

1073 3523 1113 3567 tra
1130 3528 1194 3569 nrss.
1210 3523 1238 3568 et
1249 3511 1325 3567 Viuo.
1342 3513 1444 3568 Belius.

1109 3584 1154 3639 tt.
1189 3583 1292 3655 Perpeti
1316 3601 1395 3639 unno.
1425 3583 1557 3639 AEttutent
1579 3592 1673 3650 totum,
1697 3589 1743 3645 ria
1768 3584 1872 3661 θηρείην

1073 3657 1172 3718 πᾶσαν,
1193 3656 1301 3710 trivisse
1316 3658 1343 3710 in
1359 3656 1406 3710 illo
1420 3670 1504 3726 opero
1519 3655 1673 3711 uniuersum
1687 3655 1751 3726 Cyri
1764 3655 1872 3710 exerci-

1074 3737 1130 3781 tum
1146 3726 1240 3780 sortiris
1255 3726 1417 3781 llerotlntus.
1433 3727 1519 3789 bleus,
1535 3727 1633 3795 perpeti
1645 3726 1745 3779 ultimo.

1111 3798 1154 3851 la.
1172 3798 1206 3849 ln
1219 3798 1422 3867 ‹pandrinprntot
1437 3798 1571 3866 reaupiutu
1585 3797 1679 3850 ult-eor.
1692 3791 1872 3849 scribendum

1074 3868 1173 3936 potins,
1188 3871 1214 3919 in
1227 3869 1290 3921 itio.
1304 3866 1371 3921 Nara
1390 3868 1461 3933 apud
1476 3866 1575 3921 lieroti.
1591 3877 1644 3922 est.
1663 3875 1701 3926 Ἐς
1722 3866 1871 3941 τριηκοσίας

1074 3942 1117 3994 καὶ
1131 3940 1252 4003 ε’ξηκεντὰ
1265 3959 1308 4008 μιν
1322 3936 1457 4013 διώρυχας
1477 3936 1613 3993 duleuite.
1638 3934 1722 3991 Ftelt.
1739 3933 1873 4015 -·Vttltts

1074 4025 1136 4065 esse
1150 4012 1256 4063 ritletnr
1273 4022 1361 4072 error,
1378 4010 1461 4075 ipsius
1477 4005 1549 4063 sorte
1567 4006 1700 4071 auctoris;
1716 4007 1759 4060 rel
1778 4020 1804 4058 ut
1823 4020 1873 4058 irrr-

1076 4096 1151 4135 mero
1164 4081 1250 4134 orsisii
1272 4077 1455 4148 descriptores
1475 4086 1612 4134 errarunt.
1635 4076 1792 4132 Virtceutius
1811 4074 1873 4130 ttet-

1075 4151 1130 4205 lur.
1154 4151 1201 4222 qui
1220 4154 1289 4204 ltttttc
1312 4152 1466 4220 pericopeut
1480 4149 1616 4220 excerpsit
1630 4148 1678 4204 lib.
1695 4162 1731 4216 tr,
1746 4161 1808 4218 eep.
1825 4147 1871 4214 ll,

1074 4221 1200 4277 eurudetn
1223 4221 1303 4277 babet
1322 4235 1476 4276 numerum.

1113 4295 1156 4348 tl.
1178 4294 1214 4345 Ac
1229 4294 1265 4347 tie
1285 4289 1437 4346 nteubilibttr
1462 4292 1534 4345 rudis
1560 4292 1666 4345 siccum.
1688 4289 1751 4345 liae
1776 4287 1874 4346 scribit

1075 4364 1157 4419 etiam
1175 4363 1326 4432 Kertoplrun
1344 4363 1391 4418 tib.
1408 4378 1444 4417 ru
1459 4361 1684 4440 supermundales.
1721 4359 1807 4415 Fteu.

1112 4436 1158 4490 15.
1190 4434 1263 4489 attrei
1285 4434 1404 4505 portibus
1430 4434 1569 4505 interserit.
1603 4434 1648 4486 b'ic
1676 4446 1747 4486 uuus
1773 4427 1872 4484 Goion.

1095 4521 1157 4561 uem
1181 4515 1290 4574 propter
1311 4502 1419 4574 phrasis
1442 4503 1603 4573 elegantiam
1625 4501 1742 4557 libenter
1763 4511 1873 4569 sequor.

1075 4520 1329 4645 interficeresiccum
1344 4589 1456 4637 omnem,
1470 4588 1520 4644 pro
1533 4573 1670 4628 exsiccare
1683 4570 1748 4638 ttici,
1762 4568 1875 4650 Plautus

1077 4648 1204 4701 batirriss,
1219 4652 1391 4700 auctorest:
1407 4643 1465 4714 Epo
1476 4645 1499 4698 ti
1521 4656 1639 4712 occepso,
1665 4639 1705 4695 itti
1718 4649 1795 4712 puteo
1816 4653 1875 4720 uut-

1076 4734 1146 4772 nrum
1168 4732 1270 4772 ornnem
1293 4715 1464 4769 intertrusaro
1488 4730 1497 4769 :
1519 4727 1572 4768 nott
1597 4721 1687 4766 tarneu
1709 4716 1874 4766 sortientium

225 4801 284 4846 res.
301 4789 418 4844 inediam
430 4803 537 4853 rorem,
555 4803 616 4842 cum
631 4786 698 4842 edit.
712 4785 781 4854 bug.
798 4796 826 4841 et
842 4785 918 4841 iliae.
935 4788 1025 4844 Bello·
1039 4787 1065 4847 D
1077 4789 1214 4852 amiseris,
1230 4788 1252 4842 si
1266 4787 1313 4840 iter
1331 4787 1458 4841 retineas.
1474 4786 1562 4841 tior.
1581 4812 1616 4824 -
1630 4782 1732 4849 bruno,
1750 4781 1774 4838 si
1794 4777 1877 4834 Culu-

226 4859 349 4924 racensi,
361 4859 484 4932 ejiciunt.
498 4859 625 4914 Merserat
636 4856 746 4927 quidem
759 4859 829 4911 iuter
840 4873 936 4913 ornnes
949 4859 1024 4916 bious

226 4930 311 4988 unice
331 4936 418 4988 codes
429 4931 599 5002 suppeditat,
621 4927 669 4984 sed
693 4938 784 4984 taenea
807 4927 888 4984 alitor
902 4929 954 5000 legi
971 4949 1024 4986 uon

226 5013 310 5070 posse
325 5008 409 5072 patet,
426 5004 523 5057 sicum
546 5014 611 5055 rnss.
633 5001 760 5055 ominibus
777 5012 858 5068 supra
876 4998 949 5070 legas
965 5017 1026 5056 num

227 5088 323 5138 suum,
344 5072 443 5143 ejecto,
465 5072 536 5143 quod
557 5072 679 5141 spurium
700 5078 754 5136 est,
774 5086 843 5123 eum.
859 5065 899 5124 Er
913 5072 1026 5143 reliquis

227 5156 296 5199 mss.
312 5149 339 5196 ct
360 5144 501 5209 impressis
515 5142 561 5199 aiii
578 5142 715 5209 ruersiraet,
731 5141 777 5197 alii
793 5150 936 5195 nterrerunt
950 5146 1026 5197 extri-

228 5213 305 5269 bent.
316 5212 352 5269 st
361 5211 505 5279 editiones,
518 5223 630 5282 excepta
644 5211 702 5268 sola
714 5214 882 5282 augustana,
895 5215 1027 5272 vetustio-

229 5297 287 5350 res,
304 5286 402 5353 petina,
419 5285 541 5351 uerrere,
555 5284 640 5340 Paris.
664 5290 764 5353 praetor
783 5285 1026 5353 continentiorem

228 5371 338 5426 quoque
353 5357 452 5426 eqtritis
465 5356 578 5412 iaciunt.
595 5355 621 5409 Ιιι
637 5355 671 5410 iis
683 5356 755 5408 euim
770 5355 811 5409 sie
819 5362 911 5411 exstat
924 5373 930 5409 z
944 5354 1026 5424 Num,

229 5441 291 5482 rum
305 5442 386 5481 ttrtum
400 5428 530 5496 repioruut
544 5442 668 5497 equorum
690 5425 802 5479 currdore
814 5428 947 5496 formaque
961 5443 1029 5497 prtu-

227 5498 347 5568 ct'pttum,
364 5514 424 5551 cum
443 5499 537 5568 equite,
561 5497 737 5553 transmeandi
754 5494 852 5564 fiducia
866 5513 1027 5566 perauctum,

228 5575 299 5631 otc.¹
320 5578 349 5623 et
367 5570 506 5639 aliquanto
525 5582 606 5638 post,
626 5584 718 5638 eruunt
732 5566 890 5650 equitemque
905 5578 1028 5624 rerurret.

231 5636 334 5695 ierunt
349 5637 402 5695 boo
421 5648 517 5697 eontra
536 5654 641 5707 omues,
662 5653 731 5710 quius
747 5640 864 5709 inspexi,
879 5638 1031 5710 largiuntur

231 5721 301 5766 uss.

250 5779 296 5864 .5·
317 5777 506 5839 Eaeetluuetn.
525 5781 594 5840 iidd.
617 5795 659 5854 pr.
679 5778 768 5843 Paris.
784 5788 813 5838 rt
827 5779 948 5851 iouetae,
967 5797 1034 5853 prte-

231 5866 350 5921 etpurtm.

1080 4860 1182 4916 niensis
1194 4856 1256 4913 libri
1267 4856 1410 4912 admiseris
1424 4853 1582 4919 lectionem,
1596 4868 1706 4909 sensum
1725 4850 1814 4908 Orusii
1836 4850 1877 4932 iu·

1080 4930 1214 4997 terileies3
1227 4929 1294 4984 dicit
1307 4928 1339 4992 is,
1358 4926 1411 4982 itoe
1431 4926 1495 5001 Cyri
1520 4926 1635 4982 artitieio
1659 4923 1826 5003 Euphratem
1848 4936 1876 4976 tu

1080 5002 1158 5064 locis,
1175 5003 1219 5056 nbi
1241 5009 1304 5055 ante
1318 4997 1387 5055 rada
1411 5008 1500 5065 erant,
1522 5011 1584 5066 uuae
1611 4994 1733 5066 superari
1762 4991 1878 5062 pedibus

1081 5081 1218 5148 poterant,
1236 5072 1314 5142 plane
1328 5070 1429 5125 siceum
1443 5068 1528 5125 luisse
1540 5068 1639 5122 iactum
1648 5081 1656 5131 ς
1666 5064 1719 5121 illis
1732 5073 1823 5119 autem
1836 5063 1878 5118 lo-

1081 5145 1132 5210 eis,
1148 5144 1193 5199 ubi
1205 5145 1269 5199 olim
1287 5142 1340 5197 late
1351 5150 1445 5211 patens
1467 5137 1617 5210 protunuas
1639 5135 1759 5218 habebat
1782 5147 1879 5217 aquas,

1083 5214 1277 5284 permeabilem
1301 5212 1433 5268 exercitui
1461 5211 1608 5268 redditum.
1634 5206 1774 5264 interiecit
1799 5215 1881 5276 rgttur

1080 5284 1181 5356 potius,
1203 5286 1226 5341 si
1242 5284 1279 5339 ita
1303 5282 1377 5352 loqui
1399 5280 1507 5348 liceret,
1528 5283 1573 5336 ubi
1589 5280 1657 5334 rada
1681 5278 1752 5334 sicea
1768 5275 1880 5343 luerupt

1080 5354 1197 5411 reddita.
1213 5351 1357 5423 Quomodo
1381 5352 1407 5408 id
1431 5361 1572 5423 peractum
1599 5349 1690 5415 luerit,
1718 5345 1878 5425 ιιεὶιειιιιιιιιεξ

1082 5426 1242 5495 transgressi
1258 5432 1306 5494 per
1328 5437 1396 5479 nura
1417 5424 1485 5478 rarda
1512 5422 1642 5489 fluminis,
1666 5419 1789 5491 ceperint
1814 5413 1880 5484 Cyre

1081 5496 1191 5560 milites,
1210 5495 1296 5550 lusius
1308 5502 1401 5549 narrat
1415 5493 1576 5551 llerodotus.

1118 5569 1162 5624 ld.
1186 5566 1208 5621 0
1241 5584 1278 5620 rc.
1298 5565 1374 5621 i'lor.
1392 5580 1462 5633 seo,
1477 5566 1574 5622 iubare.

1119 5641 1163 5695 tl.
1186 5638 1314 5693 tcntrod.
1340 5636 1415 5692 Flor.
1443 5654 1485 5707 pr.
1513 5649 1542 5694 et
1569 5650 1639 5699 sec..
1670 5627 1780 5686 Nthrot.
1806 5622 1880 5682 Coit.

1083 5711 1181 5778 Grum,
1195 5707 1322 5764 notram.
1339 5708 1406 5764 Dein
1421 5708 1495 5765 lieris
1509 5707 1584 5765 delet
1596 5706 1709 5776 pipunte.
1762 5768 1767 5778 ·
1829 5766 1834 5776 Ι

1122 5783 1168 5839 18.
1201 5779 1383 5837 Semiramide.
1416 5779 1565 5834 Flrrrcntirri
1601 5786 1666 5839 tres,
1693 5766 1880 5829 samiramide.

1087 5854 1140 5911 Pro
1157 5862 1306 5923 reparatura
1320 5850 1394 5908 i'lor.
1410 5865 1452 5923 pr.
1469 5858 1598 5921 peretum.
