4192 6434
491 338 632 398 10⁰5

1895 342 2099 402 PAULI
2137 342 2367 402 onostt

3662 346 3793 404 111116

494 461 859 525 cognomento
883 452 1034 522 PiuS,
1072 455 1518 513 tertiusdecimus
1547 457 1616 513 ab
1638 456 1884 529 Augusto
1921 461 2091 532 impe·
2118 477 2166 537 Α
2195 477 2312 518 cam
2345 461 2641 534 :rqnojure
2662 461 2818 518 tutati
2845 460 2986 516 'sunt
3016 503 3030 528 ‚
3089 459 3290 516 bellum
3342 458 3543 516 deinde
3598 469 3789 515 contra

492 554 641 600 rator
667 556 903 612 creatus,
934 546 1093 620 49],
1126 549 1147 580 ¹
1174 563 1297 604 cum
1331 548 1519 604 liberis
1556 551 1671 605 suis
1697 591 1713 618 ,
1774 552 1994 608 Aurelio
2032 562 2087 609 et

489 636 683 707 Lucio,
723 638 910 711 viginti
949 651 1004 696 et
1033 657 1139 696 non
1175 643 1351 712 plenis
1386 643 1560 699 tribus
1592 644 1749 699 annis
1779 646 2081 717 rempubli-

489 747 610 789 cam
640 735 981 804 gubernavit,
1009 734 1146 790 adeo
1177 735 1467 806 tranquille
1513 746 1570 794 et
1614 747 1833 803 sancte,
1868 749 1928 793 ut
1973 755 2087 794 me-

491 826 601 884 rito
618 826 765 896 Pius,
797 837 849 885 et
873 838 1026 897 pater
1049 830 1242 899 patriae
1272 830 1581 885 nominatus
1597 831 1685 886 sit.
1715 832 1885 903 llujus
1907 841 2084 888 tamen

495 921 831 991 temporibus
862 922 883 955 ⁸
913 921 1233 978 Valentinus
1278 923 1677 981 haeresiarches
1704 968 1719 989 ,
1764 936 1817 982 et
1863 926 2041 982 Cerdo
2067 972 2082 996 ‚

488 1013 752 1085 magister
779 1014 1094 1079 Marcionis,
1125 1014 1353 1072 Romam
1376 1029 1664 1073 venerunt.
1694 1019 1894 1075 Verum
1918 1020 2086 1077 ,lusti-

490 1122 594 1164 nus
618 1107 974 1179 philosophus
1003 1109 1025 1141 '⁶
1059 1109 1294 1178 librum,
1336 1127 1432 1177 pro
1475 1112 1787 1168 Christiana
1830 1115 2087 1186 religione

488 1199 872 1270 compositum,
902 1200 1179 1257 Antonino
1210 1203 1469 1268 tradidit,
1516 1204 1921 1276 benignumque
1959 1223 2083 1264 eum

489 1290 657 1362 ¹⁸erga
690 1291 1030 1348 Christianus
1055 1295 1201 1350 feeit.
1239 1295 1566 1365 Antoninus,
1597 1299 1666 1352 ad
1697 1298 2082 1355 duodecinnnn

493 1381 564 1439 ab
590 1382 738 1440 Urbe
768 1385 998 1456 lapidem
1029 1387 1224 1445 morbo
1255 1401 1567 1460 correptus,
1595 1391 1821 1446 ina-rin.

987 1567 1153 1641 492
1188 1569 1421 1626 CAPUT
1460 1569 1580 1625 XV.

527 1677 609 1736 M.
650 1680 946 1737 Antoninus
990 1681 1156 1738 Verus
1194 1686 1320 1753 qnid
1357 1685 1411 1739 in
1450 1685 1668 1759 imperio
1695 1702 1791 1741 suo
1814 1687 2048 1761 flesset-it.

2190 554 2421 610 Parthos
2451 553 2765 610 admirabili
2794 554 2992 610 virtute
3046 564 3103 610 et
3159 554 3426 609 felicitate
3473 561 3784 624 gesserunt.

2193 644 2214 675 ⁸
2246 645 2445 702 Lucius
2471 645 2778 701 Antoninus
2812 644 2984 701 Verus
3022 645 3090 701 ad
3136 644 3193 700 id
3245 643 3451 700 bellum
3510 643 3789 716 profectus

2193 748 2297 795 est.
2330 738 2650 810 Vologaesus
2680 740 2847 804 enim,
2881 754 2979 795 rex
3006 738 3333 794 Parthorum
3358 780 3373 805 ,
3422 739 3580 810 gravi
3630 755 3789 808 erup·

2191 833 2339 888 tione
2364 833 2694 897 Armeniam,
2722 832 3146 902 Cappadociam,
3172 831 3505 904 Lyciamque
3521 833 3783 887 vastabat.

2189 923 2294 981 Sed
2332 926 2658 988 Antoninus,
2691 940 2786 994 per
2814 925 3234 981 strenuissimos
3264 924 3436 982 duces
3462 925 3676 997 magnis
3705 940 3785 981 re·

2194 1015 2294 1070 bus
2314 1019 2505 1087 gestis»,
2534 1015 2860 1084 Seleuciam,
2886 1017 3124 1083 Assyriae
3150 1017 3338 1072 urbem
3368 1030 3539 1087 super
3582 1016 3782 1090 ttydas·

2193 1123 2293 1178 pen
2317 1107 2539 1163 fluvium
2566 1107 2748 1173 sitam,
2772 1124 2899 1164 cum
2926 1108 3334 1178 ‹ptatlringentis
3353 1107 3601 1163 millibus
3624 1107 3782 1165 bomi-

2190 1214 2321 1255 num
2353 1202 2521 1269 cepit,
2554 1210 2611 1256 et
2637 1216 2760 1257 cum
2795 1200 2963 1255 tratre
2985 1201 3053 1256 de
3083 1201 3308 1256 victoria
3328 1200 3777 1257 Parthicatrium·

2196 1295 2421 1363 pitavit:
2454 1308 2518 1349 ac
2551 1312 2656 1349 non
2683 1294 2857 1349 multo
2890 1303 3032 1364 post,
3060 1295 3186 1349 dum
3212 1295 3527 1351 cumfratre
3557 1295 3613 1351 in
3632 1295 3776 1352 vebi-

2195 1384 2318 1441 culo
2349 1384 2523 1451 sedet,
2550 1401 2681 1442 casu
2709 1386 2908 1451 morbi,
2940 1400 3097 1457 quem
3130 1386 3480 1456 atoplexiam
3504 1385 3680 1444 Graeci
3700 1403 3776 1445 vo·

2192 1489 2337 1547 cant,
2373 1479 2675 1534 suffocatus
2702 1477 2925 1534 interiit.
2962 1479 3041 1535 Eo
3070 1479 3348 1544 defuneto,
3378 1480 3599 1537 Marcus
3625 1479 3779 1538 Anto·

2195 1572 2357 1627 nimis
2380 1570 2531 1626 solus
2557 1570 2873 1640 reipublicae
2905 1570 3139 1640 pra-fnit,
3173 1572 3267 1626 sed
3310 1574 3362 1627 in
3408 1571 3610 1628 dit-bus
3655 1572 3774 1628 Par·

2194 1663 2318 1718 tbici
2355 1661 2484 1718 belli
2515 1662 2927 1731 persecutiones
2948 1660 3392 1719 Christianorum
3419 1707 3434 1731 ,
3459 1665 3773 1734 qnartsjam

2193 1766 2320 1827 post
2370 1755 2643 1811 Neronem
2693 1755 2812 1811 vice
2843 1796 2859 1821 ,
2907 1755 2961 1809 in
3016 1755 3142 1811 Asia
3171 1765 3227 1811 et
3277 1756 3330 1810 iu
3382 1755 3570 1812 Gallia
3600 1772 3774 1827 grat-es

557 1843 717 1902 Anno
746 1844 815 1901 ab
838 1843 983 1901 Urbe
1004 1845 1221 1901 condita
1250 1861 1507 1916 nccccxr,
1550 1849 1565 1880 ¹
1596 1849 1806 1904 Marcus
1850 1848 2079 1903 Antoni·
2116 1869 2163 1930 B
2193 1856 2467 1918 praecepto
2532 1851 2652 1916 eius
2717 1846 3085 1913 exstiterunt,
3143 1847 3412 1918 multique
3479 1861 3779 1904 sanctorum

488 1956 591 1998 nus
616 1941 813 2012 VeruS,
847 1952 1074 2012 quartus
1113 1944 1359 1998 decimus
1399 1945 1468 1996 ab
1514 1945 1758 2014 Angusto
1786 1985 1801 2012 ,
1856 1961 2078 2014 regnunt

489 2034 512 2066 ³
538 2019 660 2090 eum
691 2033 918 2090 Aurelio
940 2034 1244 2090 Commodo
1276 2036 1440 2091 fratre
1470 2036 1743 2107 stt-cepit,
1781 2036 2085 2110 utiansitque

488 2124 544 2181 in
570 2139 638 2182 eo
667 2126 827 2183 annis
865 2124 1056 2183 decem
1089 2136 1140 2183 et
1176 2143 1392 2183 novem.
1427 2127 1448 2158 ³
1481 2128 1544 2183 lli
1591 2130 1745 2197 primi
1790 2130 2082 2200 rempubli-

2190 1941 2456 2011 martyrio
2495 1939 2745 1995 coronati
2798 1947 2948 1994 sunt.
2996 1938 3017 1969 ⁸
3065 1938 3259 1995 Secuta
3315 1948 3403 1995 est
3457 1939 3581 1995 lues
3630 1939 3781 2008 pluri·

2192 2037 2293 2090 mis
2321 2033 2484 2107 493
2516 2034 2693 2090 infusa
2726 2035 3053 2105 provinciis:
3077 2043 3356 2107 totamque
3377 2035 3593 2091 ltaliam
3626 2034 3779 2106 pesti-

2190 2129 2359 2185 lentia
2390 2137 2537 2184 tanta
2569 2130 2821 2195 vastavit,
2848 2137 2907 2187 ut
2940 2129 3139 2199 passim
3163 2130 3332 2198 villae,
3356 2130 3474 2202 agri
3505 2138 3669 2201 atque
3691 2144 3774 2199 op·

1782 2322 2236 2382 ttAvffltCAttpt
2273 2321 2506 2381 NOTAE.

556 2484 613 2541 2.
638 2484 769 2542 Cum
796 2484 971 2541 tiberis
992 2486 1125 2552 suis,
1152 2483 1371 2539 Aurelio
1394 2495 1440 2539 et
1462 2482 1627 2538 Lucio
1676 2486 1885 2540 Marcus
1911 2482 2086 2540 Aure·

489 2555 594 2612 lius
621 2572 793 2628 gener
821 2556 1206 2612 fuitAntonini
1237 2554 1337 2619 Pii,
1372 2566 1431 2609 ut
1461 2566 1516 2610 ct
1536 2555 1731 2610 Lurius
1757 2555 1957 2619 Verus;
1989 2555 2083 2612 sed

487 2624 939 2698 Aurelius,ju2sn
960 2626 1184 2682 Adriani
1216 2643 1244 2681 a
1276 2629 1369 2681 l’iu
1404 2627 1505 2681 luit
1532 2630 1820 2694 :inlaptatus
1842 2669 1855 2689 ,
1894 2642 2082 2681 verum

487 2712 552 2753 ea
580 2700 702 2771 lege
736 2707 795 2753 ut
824 2700 869 2754 is
906 2697 1009 2753 sibi
1053 2697 1287 2753 vicissim
1344 2697 1563 2751 Lucium
1607 2700 1911 2765 adoptaret.
1951 2696 2085 2754 Vide

485 2767 692 2826 Juliunt
720 2768 1087 2840 Capitolinum
1122 2771 1173 2823 in
1200 2769 1320 2823 Vita
1361 2769 1522 2823 Marci
1566 2767 1821 2824 Antonini
1866 2782 1986 2837 cap.
2024 2769 2077 2823 5.

486 2836 787 2910 Utriusque
819 2839 1052 2911 effigiem
1096 2856 1161 2895 ex
1208 2841 1533 2894 numismate
1581 2840 1752 2895 musei
1802 2835 2080 2904 Ctesarei,

484 2918 612 2966 ante
643 2913 784 2966 bane
812 2918 993 2966 notam
1025 2912 1148 2978 poni
1178 2911 1507 2965 curavimus.

556 2984 610 3038 5.
650 2981 957 3037 Valentinus
992 2980 1357 3037 ltaeresinrches
1398 2980 1539 3052 Lege
1569 2974 1784 3037 Eusebii
1818 2980 1953 3036 llist.
1982 2980 2077 3036 lib.

484 3065 562 3119 lv,
595 3067 645 3109 c.
684 3057 768 3119 ta,
796 3065 851 3108 et
875 3052 1155 3120 deinceps,
1189 3051 1389 3109 lustini
1414 3052 1583 3118 liber,
1624 3052 1764 3107 inter
1802 3067 1966 3118 opera
1999 3053 2081 3123 ip-

482 3123 598 3178 sius
620 3141 649 3177 a
674 3123 916 3180 Roborto
945 3125 1225 3192 Stephano
1258 3123 1576 3193 impressus,
1604 3133 1802 3179 exstat.
1837 3121 2003 3179 ann.

552 3194 607 3250 4.
642 3194 855 3250 Librum
880 3236 895 3260 ,
946 3211 1041 3265 pro
1074 3195 1370 3250 Christiana
1420 3194 1671 3266 reliqione
1714 3195 2074 3266 compositum.

483 3264 731 3322 Perizon.
766 3275 822 3321 et
849 3276 957 3321 tres
986 3265 1155 3336 Lugd.
1188 3267 1327 3322 Batt.
1358 3280 1480 3320 cum
1513 3265 1651 3322 coll.
1704 3264 1943 3321 Gronov.
1994 3267 2075 3321 le·

520 3344 614 3392 unt
641 3336 706 3391 cte
732 3336 1027 3418 Christiana
1056 3336 1324 3421 reliqione.
1357 3336 1568 3419 Primus
1599 3335 1797 3393 deinde
1814 3353 1877 3392 ex
1899 3335 2072 3406 Lugd.

553 3407 1630 3550 ἓἔῗηιιιρὲῗῗὶιειείξιιὶιίιὶὶἶοΐιῗιῗυιιζῗάῦιιῇε’ς.
1660 3478 1915 3543 nomines,
1953 3476 2071 3546 sod,

480 3554 541 3603 ut
568 3497 781 3614 inutile,
810 3547 1351 3632 abiiciunt-perizon.
1387 3558 1442 3604 et
1486 3494 1573 3604 ειε
1634 3552 1858 3621 August.
1912 3546 2076 3604 Forte

479 3617 794 3690 legendum,
822 3636 947 3691 crya
967 3619 1292 3676 Christianos
1316 3636 1492 3675 outttes
1513 3620 1656 3690 [ecit.

550 3692 684 3747 Cu.
719 3689 913 3746 xV.--
937 3692 991 3746 1.
1025 3689 1107 3746 Μ.
1129 3690 1444 3746 Antoninus.
1470 3690 1638 3762 liuius
1665 3705 1880 3762 quoque
1900 3689 2072 3745 Anto-

2195 2481 2473 2548 Aurelius‚
2509 2496 2645 2551 puer
2670 2480 2870 2547 adbuc,
2897 2479 3160 2551 principio
3182 2483 3268 2537 aui
3294 2484 3379 2538 sui
3404 2483 3779 2556 (Veri)nnmen

2192 2552 2405 2617 babuit,
2435 2562 2480 2606 et
2512 2552 2687 2607 Catilii
2719 2552 2899 2609 Severi
2927 2594 2941 2617 ‚
2967 2554 3187 2606 materni
3215 2558 3421 2625 prom-i.
3460 2556 3586 2611 Post
3615 2573 3779 2611 esces·

2189 2641 2301 2677 sunt
2331 2641 2448 2678 vero
2476 2627 2661 2696 patris,
2698 2623 2761 2677 ab
2785 2622 3019 2677 Adriano
3060 2625 3260 2679 Annius
3300 2625 3615 2682 Verissimus
3650 2644 3781 2682 roca·

2188 2703 2270 2748 tus
2291 2704 2364 2750 est
2394 2711 2412 2749 .·
2443 2704 2555 2766 post
2585 2695 2787 2749 virilem
2812 2702 2987 2749 autem
3012 2703 3206 2767 toqam,
3238 2697 3442 2752 Annius
3480 2697 3664 2754 Verus.
3692 2699 3779 2753 Ca·

2191 2766 2450 2832 pitolinus·
2475 2767 2526 2820 in
2558 2765 2677 2822 Vita
2712 2766 2874 2819 Marci
2895 2781 3018 2831 αηι.
3047 2769 3100 2820 1.
3131 2765 3378 2839 Collegae
3397 2769 3518 2838 ejus
3543 2770 3597 2824 in
3625 2771 3775 2840 impe-

2189 2837 2301 2902 rio,
2332 2837 2512 2892 artinis
2542 2847 2598 2892 et
2635 2836 2731 2891 tilii
2777 2837 3050 2905 adoptivi,
3103 2836 3374 2908 integrum
3426 2855 3626 2897 nomen
3688 2841 3769 2896 tuit

2187 2905 2251 2961 Ι..
2275 2906 2518 2962 Ceionius
2549 2907 2622 2961 L
2629 2907 2732 2961 iins
2758 2905 3069 2962 Commodus
3090 2906 3256 2964 Verus
3268 2911 3591 2977 Antoninus,
3610 2911 3698 2984 qui
3722 2929 3777 2966 es:

2186 2979 2405 3032 Adriani
2427 2978 2687 3034 voluntate
2709 2977 2892 3032 ,Elius
2914 2977 3216 3050 appellatus
3243 2991 3318 3037 est
3364 2999 3384 3037 .·
3429 2998 3496 3036 es:
3545 2984 3771 3038 Antonini

2184 3051 2576 3174 ἲριιῇιιιισιὶοιῖε,
2616 3049 2785 3105 Verus
2823 3058 2870 3103 et
2918 3052 3232 3106 Antoninus.
3278 3051 3521 3124 Capitol.
3576 3057 3627 3109 in
3671 3053 3772 3109 Vita

2215 3133 2313 3176 'ert
2340 3135 2402 3176 ea
2427 3137 2463 3174 ›.
2532 3161 2547 3177 .

2258 3192 2312 3245 5.
2346 3137 2424 3245 ml
2446 3192 2602 3263 primi
2627 3191 2999 3259 rempublicam
3022 3233 3039 3260 ,
3091 3199 3202 3249 etc.
3246 3192 3407 3250 Unde.
3461 3196 3662 3252 crebro
3684 3213 3767 3254 eo-

2185 3263 2430 3318 rumdem
2464 3263 2653 3328 iacies»,
2691 3271 2751 3317 ut
2782 3265 2836 3317 in
2871 3263 3018 3319 bisce
3047 3266 3288 3320 nummis
3316 3267 3558 3322 maxitni
3586 3268 3771 3324 moduli

2182 3348 2246 3388 ex
2278 3349 2466 3389 trinseo
2489 3332 2683 3404 Regio,
2718 3332 2845 3390 ltuic
2876 3335 3102 3405 pagellae
3131 3349 3253 3406 pag.
3289 3352 3453 3407 sequ.
3490 3342 3767 3410 oppositis,

2181 3405 2436 3475 coniungi
2463 3406 2666 3459 solent.

2251 3475 2306 3529 t.
2339 3472 2532 3530 Lucius
2555 3475 2845 3537 Antoninus
2882 3475 3068 3533 Verus.
3097 3478 3156 3534 ln
3188 3480 3377 3535 multis
3407 3497 3552 3537 mss.
3594 3483 3769 3555 legitur

2181 3548 2379 3601 Annius
2407 3548 2697 3602 Antoninus
2739 3546 2922 3614 Verus,
2953 3551 3098 3618 quod
3124 3552 3382 3607 mendum
3416 3561 3609 3609 natum
3640 3554 3768 3610 vide·

2187 3629 2272 3672 tur
2298 3632 2369 3672 ex
2396 3621 2698 3674 mutatione
2730 3619 2928 3673 litteras
2950 3617 3015 3686 L,
3047 3635 3152 3692 qua
3177 3620 3376 3677 Lucius
3420 3626 3762 3696 significatur,

2180 3689 2231 3744 in
2258 3688 2491 3743 litteram
2523 3689 2594 3755 A,
2628 3690 2714 3743 vel
2744 3687 3067 3759 repetitione
3085 3691 3392 3749 litterarum
3410 3698 3757 3767 quarumda-

478 3761 590 3818 nini
617 3762 784 3817 vitam
815 3761 1107 3849 capitolin.
1142 3762 1455 3833 descripsit.
1486 3762 1564 3819 De
1591 3763 1785 3819 eodem
1827 3759 2071 3832 xiphili·
2096 3791 2141 3852 C
2178 3775 2242 3814 ex
2276 3758 2568 3814 Antoninus
2597 3758 2743 3831 quod
2772 3761 3041 3832 sequitur.

476 3846 580 3890 nus
604 3848 637 3890 e
662 3833 850 3889 Dione.
878 3832 1043 3889 hun.

545 3903 604 3961 2.
636 3904 764 3961 Cum
786 3905 996 3961 Auretto
1020 3903 1303 3962 Commodo
1346 3906 1509 3977 fratre
1564 3903 1809 3976 suscepit.
1854 3903 2061 3960 Marcus

2246 3830 2300 3885 5.
2335 3830 2529 3886 Secuta
2555 3842 2630 3886 est
2655 3833 2787 3886 tues.
2832 3831 2907 3885 De
2976 3834 3076 3887 bac
3122 3842 3279 3904 peste
3312 3835 3672 3908 Lampridius
3718 3845 3764 3894 et

2176 3900 2447 3960 Eusebius
2474 3904 2527 3959 in
2548 3902 2846 3960 Chronico.
2878 3901 2919 3958 F
2924 3919 3045 3960 san.
