4192 6434
216 356 273 434 esi
741 371 978 448 maronianum
997 372 1102 435 moen
1123 372 1156 432 r.
1176 373 1256 431 cer.
1279 372 1347 431 rto.
1815 374 1870 436 ost

216 485 355 547 matutinos
369 494 397 543 ct
413 485 556 558 lugarerc,
573 493 601 543 ct
622 485 756 560 fugientes
769 487 862 545 ridere
883 488 1009 547 Romani.
1023 489 1050 551 A
1063 487 1103 543 vis
1117 487 1249 559 germinis
1260 486 1421 545 madefactae
1435 485 1536 561 leugis,
1550 500 1584 545 ac
1597 485 1697 546 deinde
1707 489 1826 546 siccatur
1841 501 1870 550 et

216 580 296 640 llndc
308 580 435 653 quamvis
450 579 543 651 Scipio
556 621 564 648 ,
575 580 639 651 quia
654 589 754 652 preter
768 596 845 653 spem
860 582 1014 653 acciderat,
1067 589 1128 652 post
1147 579 1174 635 in
1194 578 1310 636 lerinam
1332 578 1464 647 redacta,
1490 578 1567 638 rtrolli
1578 593 1663 638 succo
1677 579 1868 653 admiscetur,

217 674 324 732 laetatus
338 687 366 730 et
377 673 509 745 gloriatus
523 683 614 741 essct,
629 683 719 730 tamen
734 674 804 730 ultra
817 674 828 706 a
842 675 946 733 bellum
966 676 1016 732 ad·
1066 689 1120 746 quo
1132 673 1268 730 lermeuto
1287 688 1370 746 sapor
1383 673 1549 730 austeritatis
1574 683 1603 732 et
1627 675 1704 733 calor
1727 676 1870 735 ebrietatis

216 782 316 826 uersos
329 782 379 825 eos
393 766 548 825 audendum
561 782 697 835 uonesse,
712 765 852 840 prolcssus
864 768 1017 840 cstltaquc
1066 763 1202 835 adjicitur.
1234 766 1290 822 llac
1309 766 1391 839 igitur
1413 767 1527 838 potione
1548 776 1610 839 post
1634 768 1741 841 longam
1769 770 1869 827 laniem

215 860 308 935 Scipio
324 859 505 918 insistendum
522 859 669 932 inopinatis
694 861 871 932 proventibus
892 864 1016 932 censuit,
1068 858 1288 926 recalescentes,
1302 859 1374 918 bello
1389 874 1451 917 sese
1465 861 1634 938 obtulerunt.
1651 863 1737 920 Atrox
1751 864 1797 920 diu
1811 879 1872 923 eer-

216 955 314 1013 urbem
329 956 416 1026 ipsam
427 954 568 1011 obsidione
582 956 844 1022 correlusit,⁸iossa
868 958 948 1012 etiarn
963 958 1018 1013 eir·
1069 961 1158 1009 tamen
1175 965 1201 1009 ct
1228 954 1369 1025 usquead
1393 954 1545 1025 periculum
1569 954 1753 1015 Romanorum
1781 958 1832 1016 luit
1859 977 1867 1016 a

215 1049 374 1106 cumdedit:
390 1049 472 1122 302
486 1048 563 1119 cujus
579 1050 692 1106 latitudo
706 1051 821 1121 pedibus
836 1049 941 1116 decena,
956 1049 1018 1105 alti·
1068 1043 1222 1117 iterumque
1232 1046 1347 1102 lioarani
1365 1046 1387 1087 ¹¹
1402 1061 1523 1119 paginare
1537 1064 1567 1105 sc
1580 1048 1726 1106 aduersum
1750 1051 1870 1108 Nutrian-

218 1142 284 1198 tudo
306 1139 399 1212 uiginti
414 1145 472 1196 tuit.
485 1141 573 1212 lpsurn
589 1140 690 1198 deinde
706 1140 817 1209 raliom,
829 1142 1014 1211 smlibusprae·
1069 1135 1163 1205 tinos,
1188 1136 1317 1208 fugiendo
1343 1140 1559 1209 probavissent,
1580 1142 1633 1210 nisi
1658 1142 1710 1198 sub
1742 1141 1871 1213 Scipione

216 1243 362 1297 structum,
376 1234 481 1291 enebris
496 1236 616 1290 turribus
629 1234 826 1294 communiuit:
841 1246 871 1290 ut
885 1234 908 1290 si
918 1250 971 1306 oua
983 1235 1017 1290 ab
1068 1230 1149 1304 303
1158 1242 1334 1303 pugnassent.
1346 1231 1514 1303 Numantini,
1527 1235 1680 1292 interiectis
1690 1250 1800 1291 suorum
1817 1239 1872 1294 lor-

216 1338 379 1397 erumpentc
390 1326 468 1382 boste
478 1326 574 1383 iocum
588 1335 737 1382 tentaretur
747 1328 879 1400 irruptio;
892 1326 949 1398 jam
963 1341 1016 1383 nou
1068 1323 1189 1390 tissiruis.
1202 1324 1274 1381 bello
1285 1325 1401 1382 cedunt:
1413 1326 1436 1394 3⁸
1446 1327 1606 1398 compositis
1616 1335 1708 1384 tamen
1717 1326 1870 1396 ordinibus,

216 1422 296 1492 quasi
309 1419 436 1475 obsessor
448 1434 509 1476 cum
524 1420 648 1489 obsesso,
664 1421 710 1476 scd
726 1435 804 1477 rcrsa
819 1422 877 1477 ricc
889 1420 1017 1476 obsessus
1069 1430 1121 1475 occ
1141 1417 1212 1474 sicut
1235 1418 1369 1489 irrgientes
1384 1419 1411 1475 in
1424 1419 1518 1476 urbem
1537 1430 1731 1492 reuertuntur,
1756 1438 1869 1494 corpora

217 1525 279 1567 cum
294 1510 438 1568 obsessore
449 1520 590 1582 pugnaret.
605 1510 750 1567 Numantia
761 1518 852 1567 autem
874 1512 901 1567 in
915 1511 1018 1568 tumulo
1069 1506 1273 1567 interfectorum
1286 1511 1320 1567 ad
1333 1510 1500 1583 sepulturam
1514 1512 1623 1583 oblata,
1634 1516 1760 1585 accipere
1773 1518 1871 1573 uolue-

217 1603 357 1669 aita,lraud
367 1601 482 1673 procula
493 1602 707 1671 ssrrrninellurio,
717 1602 786 1659 ttria
798 1602 880 1658 millia
890 1618 1016 1674 passuum
1069 1614 1142 1660 runt.
1156 1603 1310 1661 Nouissime
1324 1620 1372 1677 spc
1387 1604 1587 1674 desperationis
1601 1609 1626 1661 iu
1642 1619 1761 1665 mortem
1776 1623 1872 1665 omnies

217 1694 320 1753 ambitu
337 1694 407 1751 muri
422 1694 645 1766 amplexabatur;
662 1695 787 1766 qrramuis
798 1686 881 1766 aliqui
895 1703 1019 1751 asserant
1070 1697 1198 1755 destinati
1214 1739 1222 1767 ,
1240 1699 1359 1756 clausam
1375 1700 1470 1755 urbem
1485 1700 1635 1755 introrsum
1650 1701 1872 1771 succenderunt,

217 1787 649 1872 eamctparrositoetsinemuro
667 1785 1017 1844 luissc.¹⁰Uudecrcdibilc
1070 1792 1216 1863 cunctique
1232 1792 1334 1857 pariter
1357 1791 1450 1858 lcrrn,
1479 1808 1608 1860 verreno,
1628 1803 1710 1865 atque
1732 1796 1794 1868 igoc
1806 1811 1872 1853 con·

216 1890 276 1950 est,
289 1879 362 1953 quod
378 1880 428 1935 lroc
442 1878 522 1951 spatii
546 1893 610 1935 cura
638 1879 800 1935 alendorum
825 1878 1018 1935 eustodiendo-
1032 1876 1058 1938 B
1070 1885 1171 1955 sumpti
1197 1893 1269 1939 som.
1298 1883 1411 1939 llomani
1428 1883 1493 1939 nibil
1509 1900 1543 1941 ex
1560 1884 1603 1941 lris
1630 1887 1738 1956 penitus
1752 1887 1873 1943 ltabuere

216 1990 332 2047 mrnquc
346 1988 476 2045 pecorum
490 2013 498 2038 ,
512 1972 554 2028 rel
577 1971 659 2029 etiam
685 1972 829 2029 exercendi
858 1972 928 2027 ruris
943 1987 1016 2028 com·
1070 1975 1165 2043 victis,
1179 1984 1278 2044 praeter
1291 1974 1465 2030 securitatem
1481 1989 1567 2030 suurn.
1586 1974 1679 2048 Neque
1693 1977 1766 2033 enim
1779 1991 1873 2035 euersa

218 2067 300 2123 modo
310 2081 371 2123 curn
382 2065 456 2123 bello
467 2073 666 2136 premerentur,
677 2064 849 2133 incluserint,
862 2064 913 2134 ipsi
923 2078 1015 2120 arcem
1071 2068 1216 2125 Numantia
1231 2068 1253 2099 ¹⁵
1265 2068 1366 2124 risisse
1386 2082 1415 2123 se
1441 2069 1526 2139 magis
1536 2067 1734 2139 Numantinos,
1759 2072 1781 2104 ¹⁶
1792 2087 1873 2144 quam

217 2175 330 2233 parvam
348 2170 442 2215 narius
455 2158 586 2214 ntrrnilam
601 2160 765 2217 obtinentes·
779 2157 888 2226 Alioqui
914 2166 1016 2212 tantam
1070 2164 1192 2220 erasisse
1206 2160 1342 2217 dixerunt.
1358 2161 1379 2193 ¹⁷
1397 2159 1484 2217 Urium
1497 2161 1692 2218 Noouantinum
1705 2163 1817 2221 rictoris
1829 2179 1875 2220 ca·

217 2256 379 2326 paucitatem
399 2254 557 2321 borrrlnum,
586 2264 639 2309 tarn
655 2254 774 2326 amplum
803 2251 878 2307 urbis
898 2250 1017 2321 spatium
1072 2264 1134 2313 term
1151 2270 1204 2311 uon
1224 2256 1332 2322 tenuit;
1356 2255 1609 2327 undetriumplrum
1632 2256 1762 2325 dederit,
1789 2258 1875 2316 Roma

219 2366 273 2414 porr
285 2348 391 2404 munire
412 2348 517 2419 magis,
533 2362 615 2419 noram
630 2347 746 2420 prodere
766 2343 921 2401 videbatur.
935 2343 1019 2414 lgitur
1073 2361 1127 2404 non
1137 2346 1224 2413 vidit;
1241 2361 1336 2402 aurum
1350 2346 1557 2418 uelargeutnm,
1575 2349 1648 2418 quod
1661 2350 1715 2420 igni
1732 2365 1876 2421 superesse

219 2442 342 2499 conclusi
360 2441 405 2498 diu
418 2440 591 2510 Numantini,
618 2448 647 2496 et
675 2441 745 2495 lame
770 2437 915 2501 trucidati,
942 2435 1019 2491 dedi·
1073 2440 1225 2512 potuisset,
1241 2438 1312 2511 apud
1324 2452 1460 2511 pauperes
1472 2453 1525 2496 oon
1540 2440 1611 2508 luit;
1627 2455 1702 2498 arma
1718 2449 1748 2498 et
1769 2450 1874 2499 restem

221 2535 323 2592 tionem
346 2535 388 2591 sui
412 2533 588 2596 ob'ulerunt,
614 2532 637 2588 si
660 2530 811 2587 tolerabilia
834 2529 1017 2601 juberentur,
1077 2532 1148 2604 ignis
1163 2530 1326 2604 absumpsit.

220 2643 294 2700 saepe
322 2628 403 2684 ctiam
432 2635 542 2682 orantes
569 2625 650 2696 justae
669 2639 768 2695 pugnae
794 2623 963 2691 laenitatem,
992 2630 1021 2677 ut
1324 2620 1407 2696 m
1424 2622 1538 2682 CAPUT
1559 2621 1626 2681 llll.

221 2733 357 2792 tamquam
373 2718 440 2775 viris
462 2717 532 2774 mori
559 2717 663 2773 liceret.
685 2716 787 2773 Ultimo
801 2729 895 2771 ornnes
915 2714 1020 2770 duabus
1074 2714 1115 2772 lle
1138 2714 1315 2773 Gracchorum
1340 2717 1488 2781 seditione,
1512 2717 1644 2789 Attalique
1663 2717 1733 2792 repis
1755 2715 1879 2792 Pergami

221 2813 312 2872 srrbito
338 2811 425 2884 portis
449 2817 619 2881 eruperunt,
643 2806 716 2880 larga
731 2808 806 2879 prius
831 2806 942 2879 potione
957 2806 1019 2875 usi,
1178 2815 1181 2822 ·
1397 2787 1554 2846 hoelidfffl'i·

222 2902 554 2974 nonrioi‚cu1'uslcrax
570 2902 593 2958 is
620 2901 696 2957 locus
708 2916 763 2956 nou
777 2908 836 2968 est,
863 2899 910 2955 sed
937 2912 1021 2955 succo
1108 2898 1194 2972 lgitur
1208 2914 1241 2956 ca
1262 2906 1427 2970 tempestate
1447 2914 1509 2956 cum
1532 2900 1591 2958 brec
1610 2901 1682 2974 apud
1704 2901 1878 2961 Numantiam

223 2998 306 3057 tritici
321 3013 371 3070 per
390 3006 478 3053 artem
493 2994 635 3064 conlecto,
660 3008 739 3065 quem
752 3008 864 3050 succum
889 2991 1020 3048 acalela-
1072 3001 1148 3064 gesta
1163 2999 1240 3058 sunt,
1267 2990 1339 3061 apud
1359 2990 1473 3047 Romam
1493 2992 1502 3024 ¹
1523 2991 1711 3050 Gracchorum
1728 2995 1877 3052 seditiones

221 3091 322 3151 ciendo
333 3090 355 3124 ¹¹
369 3089 472 3147 Goliam
483 3098 591 3146 rocam.
606 3087 630 3119 ¹¹
642 3085 792 3144 suscitatur
813 3086 885 3144 euim
898 3086 962 3157 igne
974 3086 1019 3141 illa
1072 3083 1252 3158 agitabantur.
1278 3079 1492 3154 seminantem,
1507 3097 1581 3157 cum,
1606 3085 1696 3144 deleta
1720 3085 1877 3157 Numantia,

873 3218 1102 3280 ttutcttclttt‘t
1121 3215 1238 3276 NOTAE.

259 3354 286 3410 l.
302 3351 376 3409 Bello
397 3350 522 3406 odeursos
545 3362 597 3403 eor.
627 3341 732 3415 llulgati
758 3342 853 3398 bellum
877 3341 968 3404 male,
995 3339 1059 3401 ch
1077 3351 1140 3392 nou.
1157 3341 1185 3390 ct
1197 3332 1261 3390 edit.
1279 3333 1348 3416 Aug.
1364 3348 1488 3403 pugnare.
1515 3405 1522 3418 ι
1543 3407 1549 3420 .

222 3435 319 3483 contra
335 3437 400 3479 mss.
426 3419 554 3478 meliores
568 3418 641 3472 lior.
656 3432 697 3481 pr.
713 3414 800 3470 ileum
824 3425 851 3470 et
878 3413 1022 3479 l’criznn.,
1115 3407 1158 3490 tl,
1179 3405 1338 3488 'Compositis
1353 3413 1448 3489 ‚tumeat
1463 3405 1609 3463 ordtnrdtrr.
1626 3406 1691 3465 Post
1701 3408 1760 3467 bec
1773 3410 1799 3468 in
1814 3413 1878 3473 add.

223 3498 322 3570 quibus
332 3493 467 3550 accedunt
486 3481 642 3561 trcs'bugd.
655 3486 726 3541 Batt.
744 3501 804 3542 etrro
818 3484 887 3542 Goll.
903 3484 1022 3541 Grorrov.
1079 3478 1259 3545 Fabrrcrams,
1274 3474 1360 3532 Scottr
1375 3485 1404 3532 ct
1418 3476 1533 3548 llrttorp.
1550 3479 1647 3550 legitur
1659 3498 1712 3536 mon
1731 3496 1880 3553 reparantes

226 3567 410 3627 ameum,
646 3601 687 3616 ,,
745 3621 747 3626 Α
1080 3567 1116 3607 ae.
1134 3548 1210 3617 Quod
1227 3548 1331 3618 insigne
1348 3557 1389 3602 est
1409 3547 1562 3615 Glossema,
1583 3552 1646 3607 edd.
1666 3563 1733 3610 vett.
1753 3557 1881 3615 omatibus

261 3641 289 3696 8.
306 3635 331 3690 F
333 3653 391 3691 oasa
405 3637 482 3691 etiam
502 3631 684 3688 circumdedit.
702 3630 774 3684 llanc
798 3629 940 3685 lectionem
962 3641 1024 3681 om-
1079 3635 1105 3676 et
1122 3636 1188 3675 rrtss.
1207 3621 1340 3702 igneorum,
1359 3618 1527 3701 dignumque
1543 3622 1737 3681 utinduratur.

225 3704 597 3779 neaprobaotmss.ctedd.
619 3713 682 3758 vett.
700 3700 906 3771 SedBulsulug.
923 3708 1024 3755 secutur
1112 3694 1147 3746 15
1178 3691 1278 3746 Vidisse
1299 3691 1535 3773 armagislmgd.
1553 3694 1622 3749 Bate.
1650 3706 1705 3752 tres
1721 3711 1783 3754 curn
1803 3700 1876 3756 Caii,

223 3782 335 3852 reliqum
348 3781 454 3851 legunt.
470 3789 495 3832 et
508 3777 578 3847 [osso
590 3772 772 3833 circumdedit.
1076 3762 1195 3821 Gronov.
1214 3772 1242 3816 et
1256 3761 1299 3817 ed.
1317 3761 1399 3843 Aug,
1416 3778 1505 3816 onerare
1522 3766 1617 3844 mugio,
1632 3779 1819 3837 expunctore.
1842 3775 1879 3827 alt

231 3899 235 3905 .
259 3855 278 3911 9
303 3850 367 3908 Trio
380 3850 463 3904 rrrillr'e
475 3864 599 3920 passuum
618 3846 726 3900 ambite.
743 3843 789 3900 Sic
802 3841 941 3913 appianus
954 3840 1023 3897 scri·
1076 3834 1140 3889 coti.
1159 3831 1282 3899 Luneob.
1293 3873 1300 3898 ,
1312 3846 1406 3913 creasse
1418 3848 1446 3886 re
1460 3849 1549 3903 arrupte.
1711 3905 1718 3920 ι

224 3923 280 3990 bit,
305 3922 455 3979 Numantiae
487 3908 617 3974 ambitum
645 3916 729 3972 luisse
766 3929 828 3969 arra
861 3913 1023 3970 stadiorum.
1115 3903 1160 3958 16·
1183 3903 1270 3985 Qum
1285 3917 1395 3956 mutatae
1416 3902 1554 3957 deserent.
1574 3902 1873 3967 manuscriptionem,

224 3994 299 4053 pm
660 4033 674 4046 „
1077 3973 1145 4030 Nam
1160 3975 1296 4038 decerent,
1315 3972 1388 4040 nond
1401 3983 1495 4028 eontra
1518 3990 1582 4030 mss.
1607 3974 1668 4032 edd.
1691 3980 1815 4048 quaedam
1831 3983 1879 4037 ba.

262 4036 308 4123 tlt.
334 4064 409 4122 Unde
429 4061 552 4118 credibile
566 4069 603 4115 ert
617 4060 687 4130 puod
708 4057 787 4112 iroer
806 4055 863 4110 otii.
891 4055 919 4110 ln
937 4053 1024 4124 bugd.
1076 4045 1153 4113 berit,
1170 4045 1223 4099 lune
1237 4060 1291 4127 uon
1303 4046 1442 4127 conuenit.
1470 4046 1568 4101 Animo
1583 4046 1693 4130 quidem
1713 4050 1749 4105 ita
1762 4065 1882 4110 censue·

225 4137 298 4195 uari.
315 4153 356 4206 pr.
384 4146 412 4191 et
432 4144 494 4189 tert.
517 4132 630 4190 ucrlrum
653 4138 688 4184 ert
710 4144 764 4184 nrm
788 4074 896 4198 fegitrrr.
922 4126 1024 4182 Omnes
1077 4128 1141 4172 rom
1155 4118 1290 4197 Nummi.
1304 4114 1352 4198 sel!
1366 4116 1591 4197 tellit-ademtam,
1611 4128 1695 4201 ettam
1714 4123 1742 4176 in
1763 4122 1881 4197 damnis,

225 4217 409 4267 amouisset
421 4208 485 4262 editi
501 4205 633 4270 scribunt,
646 4203 708 4273 gorio
722 4199 769 4255 lior
783 4199 872 4269 spatii.
891 4198 946 4268 Ego
959 4211 1024 4252 ucro
1076 4186 1187 4271 buerunt
1201 4187 1349 4268 magurlrct.
1369 4185 1545 4243 lovenruntur
1556 4189 1656 4245 similia
1678 4193 1749 4263 apud
1763 4193 1880 4251 Plinium

225 4282 334 4353 reposui
358 4279 439 4351 quod.
457 4276 588 4333 Videlicet
602 4276 629 4328 in
643 4272 770 4327 enormibus
790 4285 855 4326 mss.
871 4269 959 4325 ororii
975 4267 1023 4323 ob·
1076 4258 1136 4315 Nai-
1151 4259 1221 4341 Ηίεί.Ι
1238 4257 1285 4313 ltb·
1300 4272 1347 4320 vlt.
1361 4272 1427 4341 caii.
1447 4260 1537 4341 ²⁸·.¹'·
1554 4261 1602 4342 still
1619 4279 1625 4316 :
1643 4261 1707 4328 Qure
1727 4261 1825 4321 Granis
1838 4284 1882 4322 co·

226 4352 348 4415 urrani,
364 4350 517 4421 sepissime
535 4355 564 4401 ct
579 4345 678 4414 passim
693 4343 878 4412 descriptores
897 4341 959 4424 qaia
975 4354 1024 4408 pro
1076 4346 1143 4385 rouo
1158 4340 1250 4412 inemec
1263 4330 1276 4383 ί
1287 4329 1357 4383 unde
1371 4329 1469 4411 iustam
1480 4339 1584 4413 uirtutes
1596 4348 1728 4388 semorum
1743 4352 1808 4407 opus
1817 4339 1877 4408 petr.

225 4424 296 4497 paud
308 4423 441 4494 posuisse.
454 4418 500 4482 td,
515 4433 576 4472 cum
602 4424 675 4470 recte
695 4415 958 4476 edd.correxerrnt‚
972 4410 1025 4466 lroc
1076 4400 1116 4458 De
1133 4399 1265 4457 dtrntbale
1279 4399 1351 4469 apud
1364 4400 1505 4456 lloratrum
1522 4402 1566 4456 lrb.
1585 4418 1628 4473 rr,
1642 4406 1689 4459 od.
1703 4402 1732 4473 l,
1746 4421 1812 4463 rcrs
1824 4411 1879 4465 dil:

227 4498 255 4552 itt
269 4495 329 4551 loco
345 4504 454 4557 trarrren,
471 4490 518 4545 ubi
529 4491 555 4543 iu
575 4488 669 4558 primis
684 4486 867 4541 necessarium
882 4492 943 4538 crat
953 4498 1026 4549 ,-ne·
1201 4530 1320 4594 Dirltque
1333 4528 1431 4580 undem
1441 4529 1551 4593 perudus
1562 4531 1687 4588 Annibal:

1200 4592 1282 4653 Cerri,
1295 4593 1408 4654 luporum
1417 4593 1499 4654 praeda
1510 4596 1645 4660 rapacium,

373 4709 378 4719 ,
607 4701 613 4714 ,
710 4701 716 4712 ,
757 4701 762 4711 ,
866 4698 872 4710 ,
896 4697 902 4709 ,
970 4697 977 4710 ,
1232 4655 1363 4705 sectamur
1375 4654 1449 4707 ultro.
1463 4666 1525 4717 quos
1536 4656 1633 4718 opimus

264 4710 308 4765 tt.
323 4708 423 4763 Gelrom
445 4712 547 4759 uocant.
562 4702 648 4773 liupus
661 4711 779 4771 potroms
791 4704 916 4754 memrmt
940 4708 1021 4752 ettam
1040 4742 1063 4801 D
1262 4715 1363 4766 pariere
1376 4727 1403 4766 e,
1415 4713 1529 4778 effugere
1542 4723 1581 4767 est
1590 4718 1736 4783 triumphos.

227 4779 334 4837 Florus.
349 4778 432 4835 Fran.
448 4807 480 4818 -
495 4771 794 4831 Videl’ontanumllist.
804 4770 912 4825 [truncae
923 4769 1021 4852 pilii.

264 4851 308 4906 tt.
320 4850 468 4906 Suscitotar
479 4848 555 4902 cuim.
568 4849 627 4918 ipae
638 4845 685 4899 illu
696 4845 743 4909 oia,
752 4852 806 4898 etc.
820 4840 881 4896 llaec
893 4848 935 4895 cst
946 4840 1026 4922 lectio
1081 4844 1195 4902 sptium,
1209 4843 1269 4915 Jug,
1289 4858 1349 4913 epp·
1366 4843 1428 4908 epp,
1444 4841 1478 4900 g,
1493 4844 1627 4915 pagum
1643 4845 1790 4904 013⁰ch
1803 4849 1881 4908 anis.

228 4921 349 4978 Floreat.
370 4921 498 4985 secundi,
519 4920 599 4974 urtice
619 4914 776 4985 probanda,
791 4927 873 4983 otram
896 4910 1026 4967 erlnbeut
1078 4931 1132 4987 qne
1147 4935 1155 4971 e
1172 4915 1205 4970 Et
1216 4917 1266 4987 ipsi
1281 4916 1359 4971 duces
1374 4917 1481 4986 feroces,
1497 4917 1542 4987 qui
1565 4932 1616 4971 troo
1631 4918 1731 4989 sugere,
1743 4923 1881 4993 prodictu·

227 4991 526 5122 ertemarius
539 4986 769 5127 ititl'lllr
783 4983 1027 5120 ‘'lttltlsittlls
1077 4986 1150 5114 “ii
1163 4986 1573 5114 “iiianlis'leiNiii
1582 4990 1881 5121 titillatam

228 5135 336 5208 legum,
351 5087 493 5191 comitetur
504 5133 574 5187 eninr
585 5134 659 5204 ipseo
672 5128 720 5183 illo
733 5128 781 5182 oia.
799 5126 834 5182 At
848 5126 970 5180 Floreat.
982 5140 1023 5194 pr.
1078 5127 1187 5197 Florus,
1199 5128 1248 5184 sed
1260 5130 1401 5200 Appianas
1414 5129 1498 5184 tradit
1508 5102 1675 5201 Scipionem,
1688 5135 1881 5206 quinquageni,

228 5222 290 5263 ΝΜ
302 5208 389 5278 buld-
406 5205 464 5261 Bal
480 5220 522 5275 li·
537 5204 611 5259 “⁰¹0¹
624 5203 710 5275 ipnem
733 5209 760 5255 ⁰¹
785 5199 866 5267 legit,
887 5196 1026 5251 witimar
1080 5202 1219 5269 triumptro
1233 5201 1393 5266 reservatis,
1408 5200 1528 5268 reliquos
1539 5201 1591 5257 sub
1603 5216 1703 5258 corona
1713 5205 1880 5263 uendidisse.

228 5280 299 5335 enim
320 5280 368 5332 illo
392 5279 444 5342 uir,
464 5286 520 5333 etc.
545 5274 620 5331 licus
635 5287 732 5327 noram
748 5270 859 5325 exbibet
880 5282 896 5321 a
916 5266 1028 5336 reliquis
1081 5273 1170 5343 Atque
1182 5271 1232 5327 liae
1245 5271 1353 5326 ratione
1371 5270 1462 5338 Scipio
1476 5269 1617 5342 Africanus
1640 5273 1803 5332 AEmiliumre
1822 5277 1882 5331 Nu·

228 5350 363 5407 diversam
377 5349 540 5414 lectionem,
553 5346 660 5401 suarium
671 5343 738 5397 euim
751 5342 836 5410 ignem
848 5338 895 5394 illo
920 5339 957 5392 uir
969 5355 1029 5409 prr·
1081 5344 1206 5397 montium
1223 5343 1291 5395 imra
1306 5354 1407 5396 artuum
1419 5356 1451 5397 uc
1464 5349 1520 5398 tres
1536 5358 1645 5399 menses
1659 5359 1740 5418 quarn
1753 5363 1787 5402 eo
1800 5362 1884 5403 reric·

229 5423 308 5477 odoia
321 5423 456 5494 colescere
475 5419 577 5493 (ragis,
593 5415 673 5488 quasi
697 5415 844 5485 perignem
872 5414 1029 5466 innueretur
1082 5422 1138 5480 rat,
1149 5411 1343 5469 circumdatam
1353 5411 1493 5482 operibus,
1505 5413 1680 5488 excisamque
1694 5417 1811 5489 mouerit
1823 5420 1882 5474 soto

228 5494 358 5561 audacia,
370 5510 450 5565 quam
463 5493 630 5561 irreproperet
643 5484 810 5544 bibentibus.
832 5482 886 5539 Sed
905 5496 965 5537 mam
986 5497 1029 5536 se-
1083 5482 1201 5540 llclleius
1217 5483 1288 5540 libro
1302 5496 1331 5538 rr.
1348 5481 1429 5538 Fauo.

285 5576 348 5633 tur,
362 5582 394 5621 oc
408 5563 501 5619 dmnde
511 5563 636 5626 deretur,
652 5560 764 5614 alteram
779 5556 941 5623 scripturum
958 5567 1028 5620 prm·
1117 5556 1182 5610 Gne.
1207 5553 1271 5609 t’ltl.
1292 5584 1329 5596 -
1348 5555 1373 5609 l.
1389 5552 1566 5611 Gracchorum
1575 5558 1724 5613 reditiones.
1740 5558 1783 5612 Τί.
1799 5557 1879 5614 sen·

227 5580 302 5696 m.
313 5638 371 5694 Vox
383 5635 504 5710 perminis
516 5631 602 5702 potuit
616 5632 723 5695 altesse,
736 5628 783 5684 scd
794 5626 1029 5693 Orosiusgcrmen
1084 5628 1196 5697 pronius
1211 5625 1361 5691 Gracelms,
1378 5626 1407 5680 Ρ.
1422 5626 1508 5681 llncio
1523 5626 1554 5683 l..
1566 5626 1714 5700 Calpurnio
1724 5640 1796 5682 coss.
1808 5667 1816 5692 ,
1827 5644 1882 5700 qino

229 5710 384 5783 madefactus
408 5706 492 5777 [rupis
512 5703 614 5759 dixisse
637 5702 746 5757 uidetur
770 5713 820 5769 pro
834 5697 927 5766 granis
948 5694 1030 5750 tritici
1082 5711 1155 5753 atrito
1168 5696 1882 5778 ScipioNumatttiamexcirlit,tribunusplcblsprop·

230 5780 445 5838 tumescentibus
459 5776 569 5830 trradore
588 5771 683 5828 abusae
701 5768 899 5842 aqneaelmt
920 5765 1028 5834 solent,
1085 5776 1126 5824 ter
1150 5770 1299 5824 seditiones
1318 5776 1441 5823 concitas
1458 5769 1565 5824 occisus
1579 5778 1642 5833 cst,
1668 5768 1832 5826 Ptonrotnn
1853 5775 1880 5827 in

230 5866 293 5911 Μ’
305 5852 459 5925 Simile
474 5847 618 5915 incipiunt,
1081 5838 1224 5909 Graeclris,
1239 5838 1353 5910 appiam.
1370 5838 1418 5894 lib.
1433 5853 1443 5894 t
1462 5840 1497 5893 de
1518 5838 1599 5898 bellis
1611 5838 1737 5910 Gladim,
1765 5838 1877 5917 birine,

266 5924 316 5983 ld.
334 5921 463 5995 Pugnare
476 5935 513 5976 ae.
534 5914 620 5989 lugd.
635 5913 708 5974 Ball.
723 5920 782 5972 tres
795 5924 856 5971 cum
869 5907 938 5969 Gall.
956 5908 1029 5971 Gru·
1083 5907 1215 5984 Velleius,
1226 5910 1325 5970 Florus
1336 5917 1365 5969 ct
1377 5907 1435 5968 alil.
1444 5908 1531 5968 dm.

225 4566 380 4694 wercum.
394 4563 549 4644 Prouultimo
562 4560 623 4616 cod.
650 4555 771 4626 Longob.
786 4567 814 4612 et
843 4568 909 4609 mss.
934 4552 1026 4624 Lugrl.

267 4645 286 4694 t.
303 4635 392 4691 ultime
403 4636 534 4690 sentiant.
