4192 6434
215 343 293 404 tttth
704 343 943 404 histohtslthh
962 333 1068 408 irim
1087 341 1142 408 ill.
1162 342 1241 403 dhe.
1262 343 1397 404 mill.
1793 345 1874 406 llil'

214 461 286 516 sinan
301 463 471 534 episcopum,
488 462 631 519 hlcdialoni
655 464 737 536 paulo
756 474 820 520 ante
841 463 1012 522 deiunctunt.
1030 464 1051 520 ,l
1069 475 1121 517 non
1132 461 1266 516 dubitarit
1279 461 1435 517 extrahere.
1451 460 1549 517 Secuta
1565 467 1607 516 est
1621 473 1699 530 poetta
1715 461 1738 497 ἰ
1753 464 1866 518 sacrilo-

215 567 263 622 prr
279 554 416 608 scauriana
441 554 493 611 sthi
517 555 611 611 ridete
635 557 711 613 visus
737 567 791 623 est,
816 555 1013 627 significantem
1065 568 1141 625 gunt.
1157 554 1224 610 liant
1240 555 1334 610 iisdem
1348 552 1543 624 superstitibus
1562 563 1644 623 attptre
1659 553 1864 622 insultantibus,

216 660 311 709 trrann,
327 655 355 702 et
374 647 492 716 irupauo
510 646 544 702 nd
559 647 671 704 humum
688 657 731 706 ter
746 648 843 706 medlo
858 649 1013 706 dicentem:
1066 660 1135 716 quos
1146 646 1302 702 abecelesia
1314 646 1347 700 ιιι
1359 661 1465 716 poeraam
1473 653 1654 717 protraxerat,
1670 655 1731 717 post
1746 646 1867 717 attqnan-

217 737 279 803 ilie,
291 737 343 805 hie,
356 738 408 795 hie.
422 740 500 808 Qatod
512 741 556 797 ilie
570 741 697 813 prudenti
710 742 868 815 coniectura
882 743 1016 802 intellexit
1067 748 1123 794 tutu
1144 745 1252 808 teramus
1273 737 1295 769 ¹·
1310 737 1407 810 etipse
1418 736 1493 793 solus
1508 738 1618 808 punitos
1640 746 1684 795 est
1710 756 1717 791 ε
1733 738 1755 770 ¹¹
1768 739 1869 807 proha·

218 833 238 867 ¹⁸
254 833 352 887 merito
367 834 554 889 annuntiantis
566 832 648 890 iidem
664 835 801 903 rictoriae,
813 836 1015 905 terbolocum,
1067 833 1159 901 ritune
1176 837 1203 887 ht
1216 846 1247 888 se
1263 845 1328 899 ttuo,
1349 831 1383 886 ad
1399 839 1543 900 utrumtpte
1567 829 1590 863 ¹¹
1611 844 1721 901 seraper
1744 829 1866 885 divinum

216 937 332 980 uurtrero
347 922 418 979 diem
442 924 600 996 significari.
615 926 638 958 ¹⁰
652 926 794 992 Substitit,
815 942 848 983 ae
865 930 945 985 tertio
969 928 1012 985 de
1067 925 1316 997 vigilarejudiciuut
1330 921 1826 996 :quandoeteumsperstit,adjutus,
1839 931 1869 977 et

217 1029 290 1070 mum
307 1015 364 1081 die,
389 1027 449 1086 post
465 1027 572 1074 noctem
588 1020 761 1076 orationibus
774 1020 936 1092 hymnisque
951 1035 1016 1090 pet·
1068 1029 1129 1071 cuna
1142 1015 1446 1086 contempsissemus
1460 1024 1512 1069 est.
1565 1037 1572 1050 =

217 1105 343 1177 vigilem,
358 1108 380 1139 ’¹
395 1107 431 1162 ab
446 1108 513 1178 ipsis
527 1108 678 1166 scelestium
693 1120 927 1169 sacramentorum
944 1126 1017 1183 nays-
1285 1108 1367 1182 507
1387 1106 1501 1163 CAPUT
1522 1106 1655 1164 ttttttttll.

216 1197 306 1265 tertis,
318 1200 344 1255 iu
356 1198 462 1256 hostem
473 1201 666 1259 eiteunrlusum
681 1205 704 1238 ²³
717 1205 865 1274 prooessit:
878 1204 902 1238 ¹⁸
917 1212 1017 1261 etcum
1069 1199 1109 1256 Do
1123 1200 1216 1269 hepati
1229 1210 1255 1255 et
1270 1200 1406 1266 Stilicopis
1418 1199 1515 1255 scelere
1526 1216 1536 1255 .·
1549 1202 1608 1254 item
1623 1199 1784 1272 lllroclepcs'si
1801 1202 1870 1273 repis

217 1287 252 1344 sd
266 1304 315 1346 eng
327 1291 373 1362 qut
388 1292 469 1362 primi
496 1303 686 1364 occurremur,
702 1296 747 1365 μὴ
763 1296 838 1366 9205,
860 1296 946 1353 mg,
958 1296 1019 1368 ja„
1087 1270 1254 1339 Gothorum,
1270 1272 1398 1342 gsotumio
1411 1270 1525 1326 Romam
1540 1273 1793 1329 tererestereres
1806 1275 1851 1328 sit.

184 1403 197 1420 ι
218 1388 299 1450 taret,
327 1382 485 1453 signiferum
504 1383 649 1452 quemdam
671 1385 694 1418 ἰ
710 1385 861 1444 insolenter
880 1385 1018 1445 obsisten·
1107 1383 1284 1442 interereunt
1296 1399 1311 1439 a
1324 1384 1480 1441 Theodosio
1496 1386 1662 1456 imperatore
1678 1386 1797 1455 seniore,
1812 1387 1868 1443 siu-

218 1564 306 1620 oussit
321 1564 348 1619 iu
369 1564 501 1624 brachio:
518 1582 635 1639 cumque
649 1584 730 1626 manu
744 1569 877 1636 debilem,
889 1571 948 1641 ipso
959 1572 1021 1627 rtrl-
1069 1582 1124 1640 oue
1135 1567 1226 1639 palatii
1239 1567 1387 1622 commissa
1400 1577 1485 1633 esset,
1499 1566 1552 1623 hoo
1565 1576 1618 1634 est,
1634 1566 1733 1624 Ruhno
1743 1567 1870 1625 Orienta—
1956 1596 1960 1604 ·

218 1669 284 1716 ltere
298 1658 392 1726 coegit
412 1672 528 1729 pronum
553 1661 688 1730 inclinare
714 1661 856 1720 vexillum.
872 1663 932 1731 Quo
948 1664 1018 1730 riso,
1070 1659 1104 1715 lis
1116 1661 1196 1726 aulae,
1208 1657 1333 1716 stiliconi
1347 1658 1531 1737 (locideutalis
1543 1658 1662 1730 imperii,
1675 1659 1740 1731 qnid
1755 1674 1871 1732 uterque

219 1746 332 1817 relique
347 1748 475 1805 cohortos
487 1749 655 1809 deditionem
668 1752 724 1824 iam
737 1754 796 1810 lieri
810 1754 932 1824 priorum
945 1735 1020 1811 exis·
1071 1754 1173 1823 egerin
1197 1751 1295 1822 guidae
1308 1766 1391 1823 agere
1405 1759 1518 1807 conatus
1538 1752 1594 1816 sit,
1616 1752 1706 1807 exitas
1731 1753 1872 1823 utrinsrpte

221 1840 362 1911 timentes,
375 1843 503 1901 certatim
518 1859 581 1903 sese
594 1846 629 1903 ad
641 1845 815 1904 llascesilem
833 1848 922 1919 signis
936 1846 1019 1904 tradi·
1034 1836 1163 1903 Bdocuit
1173 1865 1180 1900 ι
1192 1860 1254 1902 enm
1268 1845 1337 1902 olins
1348 1845 1410 1910 sihi,
1423 1844 1495 1900 alins
1507 1845 1563 1900 lilio
1577 1861 1628 1901 sno
1641 1846 1771 1902 auectam
1782 1848 1872 1916 regalo
1932 1919 1934 1923 Ι

217 1933 286 1992 dete
301 1936 453 1993 contorsit.
470 1936 598 2005 Barbari,
613 1953 728 2011 quornm
750 1953 876 2011 magnam
892 1939 1017 1996 multitu·
1072 1939 1221 2009 fastigium,
1238 1948 1268 1994 nt
1281 1938 1363 1993 rebus
1375 1949 1488 2008 repente
1503 1939 1634 2005 turbatis,
1651 1940 1801 1994 necessitas
1816 1941 1870 1994 rei·

218 2025 311 2084 dinem
326 2028 350 2060 ¹⁸
365 2028 446 2085 Gildo
465 2027 500 2084 ad
517 2029 615 2085 bellum
640 2029 804 2096 deduxerat,
820 2029 928 2088 delectu
947 2029 1019 2086 mili·
1072 2030 1187 2101 publicae
1201 2029 1291 2085 scelus
1305 2029 1425 2085 ambitus
1436 2036 1551 2099 tegeret,
1568 2029 1698 2085 barbaras
1711 2041 1808 2102 gentes
1826 2031 1873 2086 ille

217 2128 277 2177 tum
291 2119 373 2194 566
393 2121 527 2190 destituti,
556 2123 581 2180 in
604 2122 713 2179 diversa
729 2122 866 2196 ingerunt.
891 2123 972 2181 Gildo
985 2134 1015 2184 et
1072 2123 1194 2191 immisit,
1210 2120 1345 2178 historia.
1361 2119 1450 2177 Taceo
1460 2120 1496 2177 de
1510 2121 1619 2177 Alarico
1631 2138 1762 2193 regeoum
1775 2123 1873 2181 Gothis

218 2211 278 2283 ipse
288 2213 379 2283 lugam
393 2213 502 2272 molitus
517 2222 626 2286 arrepto
648 2215 709 2271 nari
723 2216 747 2248 ²⁸
760 2226 790 2273 ιιι
804 2216 831 2272 in
844 2217 930 2274 altum
950 2232 1013 2289 pro-
1071 2216 1128 2272 suis
1143 2214 1310 2287 carpeneto,
1326 2228 1400 2281 saepe
1417 2213 1559 2279 concluso,
1575 2217 1872 2287 senaperouedimisso.

220 2313 327 2371 rectus,
339 2320 371 2363 ae
381 2306 482 2364 deinde
497 2318 639 2366 revocatus
655 2309 683 2367 in
696 2308 828 2377 siricam,
843 2321 904 2381 post
914 2311 1021 2383 aliquot
1071 2308 1083 2340 ¹
1098 2307 1189 2362 Taceo
1209 2306 1244 2360 de
1263 2304 1420 2361 intelicihns
1434 2303 1513 2361 bellis
1528 2308 1599 2374 apum
1614 2306 1625 2338 ⁸
1638 2307 1798 2364 Pollentiam
1811 2325 1873 2381 ges·

221 2396 281 2456 dies
294 2399 490 2470 strangulatus,
514 2400 628 2460 interiit.
646 2403 867 2461 Periclitaremur
888 2403 940 2459 sub
958 2414 1020 2460 tan·
1073 2398 1122 2464 tis,
1135 2411 1197 2454 eum
1217 2396 1375 2452 barbaro'et
1389 2396 1517 2468 pagano⁸
1531 2397 1594 2454 duci
1609 2438 1616 2461 ,
1633 2397 1686 2455 hoe
1698 2410 1758 2468 est,
1779 2401 1871 2472 Sauli,

222 2498 311 2545 torum
334 2490 529 2549 miraculorum
553 2494 658 2562 relatu,
683 2509 848 2566 praesumpta
871 2494 1022 2552 mentiendi
1073 2489 1136 2546 belli
1149 2502 1255 2545 somma
1266 2488 1410 2545 costumiam
1425 2499 1481 2544 est:
1495 2490 1575 2558 cujtts
1590 2491 1874 2562 iutprohitate⁸rerc=

222 2580 404 2652 impatientia,
429 2584 482 2641 nisi
496 2585 587 2643 adhuc
598 2601 694 2644 rocem
716 2596 839 2643 nostram
854 2587 1022 2645 coruscientia
1073 2584 1229 2642 reodissimi
1244 2582 1344 2640 disset
1357 2596 1482 2640 sanetum
1497 2584 1601 2642 Pascha
1617 2588 1746 2644 uiolatam
1760 2597 1813 2659 est,
1828 2607 1875 2648 ce-

221 2687 327 2742 sorum,
341 2676 387 2746 qui
401 2677 565 2746 interfuere,
589 2689 781 2751 precurreret.
797 2679 885 2737 Nullae
903 2691 1023 2750 aguntur
1073 2679 1204 2749 deotioue
1218 2679 1289 2735 hosti
1305 2688 1417 2749 propter
1434 2678 1618 2748 religionem,
1635 2689 1665 2736 ιιι
1679 2692 1810 2752 pugnaret
1823 2698 1874 2740 er-

222 2764 342 2836 iosidiae,
358 2767 432 2824 nulla
447 2773 603 2844 coemptio,
619 2775 789 2846 septuaginta
803 2773 889 2829 millia
904 2774 1022 2830 hostium
1074 2778 1176 2827 tortum
1193 2779 1254 2827 est:
1270 2783 1331 2826 cum
1343 2768 1453 2842 quidem
1466 2771 1627 2827 ostendente
1642 2772 1669 2827 in
1682 2771 1758 2829 brevi
1770 2772 1877 2844 judicio

224 2856 368 2917 vincuntur
381 2876 452 2932 perte
465 2863 525 2922 sine
548 2880 639 2938 pugna
653 2884 659 2919 :
675 2865 742 2939 sugit
755 2867 844 2923 victus
856 2866 889 2924 ad
905 2876 1021 2937 tempus,
1074 2865 1141 2935 Dei,
1155 2862 1262 2936 etquid
1278 2858 1354 2920 lavor
1367 2862 1427 2933 ejus
1440 2872 1529 2933 posset
1541 2904 1549 2931 ,
1563 2873 1590 2920 et
1603 2865 1667 2937 tptid
1679 2866 1691 2898 ¹
1703 2866 1771 2922 ultio
1784 2867 1876 2940 exige-

222 2966 258 3010 ue
272 2952 332 3024 plns
346 2955 446 3012 audeat
458 2956 546 3013 victor
557 2957 654 3015 iratus.
665 2957 879 3030 Transportatnr
891 2959 919 3016 in
931 2961 1023 3019 diver·
1075 2969 1136 3029 ret,
1150 2968 1305 3031 pugnantes
1317 2958 1450 3024 vicimus,
1461 2957 1579 3014 tietores
1590 2958 1654 3014 rirti
1665 2975 1769 3016 sunaus.
1786 2960 1876 3018 'laceo

222 3061 283 3106 turn
298 3046 401 3115 locum,
416 3048 438 3080 ἰ
451 3056 478 3108 ut
494 3049 599 3106 treseiut
612 3050 698 3110 irater
710 3052 811 3118 occidi,
828 3054 853 3088 ¹⁸
864 3068 919 3126 quo
932 3056 1023 3112 tiodi-
1076 3054 1111 3111 de
1127 3053 1247 3125 ipsorum
1262 3050 1336 3105 inter
1348 3063 1379 3105 se
1392 3048 1574 3105 Bactranorum
1585 3051 1689 3107 erchris
1704 3050 1876 3109 dilaceratio·

224 3147 301 3196 estur
319 3140 422 3199 occiso.
436 3141 507 3198 Sane
528 3141 601 3200 idem
615 3143 752 3210 llascetil,
769 3145 858 3203 elatus
877 3162 967 3204 reram
980 3163 1025 3206 se·
1076 3147 1169 3211 uibus,
1179 3144 1190 3177 ι
1202 3158 1263 3199 cum
1277 3141 1431 3199 seinvicem
1443 3140 1593 3197 Gothorum
1608 3143 1688 3198 cunei
1700 3143 1764 3209 dun,
1777 3143 1877 3201 deinde

229 3231 379 3290 enodatum
402 3234 558 3305 insolentia,
575 3237 731 3308 posthabito
745 3211 1061 3299 satactoromcortsor·c
1077 3237 1157 3294 hlani
1182 3245 1263 3305 atque
1289 3232 1379 3289 liuuni
1407 3232 1492 3287 variis
1516 3232 1636 3290 caedibus
1665 3233 1875 3304 populabantur.

223 3324 274 3395 tio,
288 3340 351 3384 cum
368 3326 467 3399 onibus
489 3336 568 3386 antea
581 3329 638 3386 heo
660 3330 781 3387 militans
809 3332 926 3402 vicerat,
941 3336 1023 3394 etiam
1077 3328 1288 3399 llhadagaisus,
1312 3324 1435 3381 omnium
1457 3325 1632 3396 antiquorum
1647 3326 1878 3397 praemiumque

225 3419 371 3477 eeclesiam
388 3429 523 3478 temerare
536 3437 621 3480 ausus
634 3433 687 3492 est,
703 3434 785 3496 atque
798 3438 833 3481 ex
844 3440 875 3480 ea
890 3426 1022 3499 qarosdam
1078 3419 1375 3498 mltostiutnlouge
1388 3415 1613 3484 immanissimus,
1624 3418 1876 3490 repontirtoimpettt

873 3586 1100 3648 tthtshchttet
1119 3581 1236 3644 NOTAE.

226 3718 385 3787 bissenam,
408 3721 456 3778 sed
476 3722 626 3779 inessreme
638 3733 713 3779 noete
726 3725 886 3782 malunted.
909 3726 1024 3800 August.
1079 3734 1163 3793 vett,
1177 3738 1229 3796 pao
1242 3720 1408 3778 vindicentur
1418 3719 1515 3786 orriri,
1539 3717 1667 3778 uidelicet
1681 3718 1760 3777 liberi
1775 3720 1878 3780 llasoe·

227 3791 328 3848 etood.
344 3791 431 3864 bugd.
456 3793 514 3848 liat.
537 3809 593 3851 sec.
618 3810 679 3851 cum
707 3795 776 3852 Uitr.
804 3797 911 3924 mim
937 3798 1024 3884 bugd.
1078 3798 1149 3852 silis.

227 3860 298 3919 liatt.
314 3873 371 3920 tres
385 3879 448 3919 cum
463 3865 590 3922 Petison.
601 3873 628 3922 et
638 3864 710 3922 Coll.
723 3866 845 3926 Grouor.
878 3881 962 3941 egum
981 3887 1025 3926 ιιι-
1116 3867 1160 3922 29.
1177 3864 1352 3934 Sacrilegum.
1364 3860 1449 3932 Lugd.
1465 3859 1536 3915 Batt.
1553 3868 1636 3931 pr.ct
1650 3870 1787 3917 testeum
1807 3862 1878 3919 coll.

227 3932 333 3990 sistente
351 3945 436 3992 noete.
1079 3939 1200 3996 Gronov.
1215 3933 1410 4002 ,sacrilegium

264 4005 309 4061 ts.
323 4005 417 4061 lecito
430 4009 618 4064 cessariensis.
634 4007 729 4077 Quinti
737 4024 817 4066 casus
827 4009 935 4067 ridetur
953 4010 1026 4068 istud
1115 4008 1160 4066 50.
1183 4006 1216 4062 Et
1229 4006 1286 4073 ipse
1298 4003 1378 4060 satas.
1394 4002 1432 4058 lta
1446 4010 1632 4073 transponunt
1641 4000 1699 4059 hac
1712 4002 1795 4060 rerba
1811 4019 1878 4060 mss.

228 4078 330 4144 merito,
347 4078 372 4133 id
394 4087 453 4147 est,
478 4079 599 4149 ablativi,
622 4095 677 4135 non
693 4096 759 4137 vero
783 4082 944 4139 adverbium
964 4086 1028 4149 3si-
1081 4094 1132 4153 pro
1146 4077 1218 4135 solus
1233 4086 1257 4134 et
1271 4078 1336 4150 ipse.
1352 4073 1382 4129 ln
1396 4075 1466 4145 hog.
1477 4072 1523 4130 ed.
1542 4084 1626 4145 atque
1638 4075 1701 4130 cod.
1719 4073 1790 4132 Uitr.
1805 4075 1881 4133 dele-

229 4147 340 4217 gnillcat
353 4146 491 4220 igiturper
504 4152 631 4207 meritum
646 4152 866 4225 hrrthtosii,jam
880 4154 951 4212 inter
965 4155 1029 4212 bea-
1083 4161 1128 4209 tur
1140 4161 1176 4207 et.

230 4224 274 4274 tos
288 4217 375 4274 relati.
392 4218 515 4276 Perizon.
530 4223 701 4294 ,meritoque
1118 4224 1163 4280 hl.
1184 4219 1368 4291 Probeoitptse.
1384 4215 1549 4279 hemeran
1566 4218 1777 4347 praesentiaque,
1790 4218 1882 4301 prouti

240 4313 244 4326 ·
265 4288 303 4347 ιι)
315 4288 462 4346 .Subsistit.
475 4292 515 4347 lto
527 4293 554 4348 in
565 4293 685 4349 biaeouo
700 4292 813 4365 legitur,
827 4306 855 4352 et
869 4298 910 4354 sic
922 4312 1030 4370 quoque
1082 4294 1110 4350 in
1121 4293 1206 4365 bugd.
1232 4292 1305 4348 batt.
1328 4305 1368 4361 pr.
1384 4295 1412 4344 et
1434 4296 1497 4343 tert.
1513 4298 1596 4359 atque
1618 4288 1690 4347 coll.
1729 4304 1824 4346 conor.
1841 4303 1882 4347 ιιι-

231 4358 404 4417 habentcod.
432 4362 537 4419 Ultr.ot
553 4363 624 4419 Grati.
639 4364 759 4422 Gronov.
775 4381 866 4439 neone
890 4368 1027 4442 displicet.
1082 4365 1200 4423 renitor.
1306 4375 1308 4377 ’

232 4429 285 4488 vat
303 4446 331 4502 g.
350 4432 473 4488 substitit.
1119 4438 1164 4492 δι.
1185 4435 1305 4507 Semper.
1323 4432 1407 4488 abest
1428 4443 1527 4485 amos.
1543 4428 1629 4502 lugd.
1651 4429 1748 4500 tribus,
1772 4438 1803 4487 ut
1827 4438 1882 4488 eta

266 4446 313 4555 si.
334 4502 372 4555 ut
384 4504 464 4587 ipsis..
476 4504 542 4560 Edd.
555 4505 679 4577 quaedam
695 4516 760 4564 vett.
775 4549 782 4575 ‚
805 4509 921 4566 munitus
935 4513 1009 4584 ipsis.
1043 4506 1146 4607 Dcod.
1158 4505 1284 4561 Perizon.
1297 4511 1325 4560 et
1340 4500 1411 4558 cott.
1423 4501 1554 4582 Cratior..
1585 4570 1591 4583 .
1796 4570 1804 4585 ·

266 4570 313 4626 ιι.
343 4571 485 4630 Processu.
501 4575 588 4645 Lngd.
612 4577 683 4634 uara.
709 4587 764 4634 tres
782 4594 844 4637 rum
870 4578 942 4638 cort.
962 4583 1032 4639 Gru·
1122 4577 1187 4633 Cae.
1211 4573 1346 4632 llxxvii.
1360 4601 1396 4614 -
1412 4572 1438 4627 l.
1455 4569 1613 4627 Potrsssnns.
1632 4569 1726 4628 Codex
1740 4571 1882 4641 Pet-omn,

234 4657 298 4700 nor.
313 4653 341 4699 et
352 4644 414 4699 eod.
428 4644 574 4712 Perizon,
594 4650 723 4720 procedit.
1085 4649 1279 4722 potentissimis.
1291 4645 1371 4702 state.

269 4713 315 4769 23.
329 4713 363 4769 Et
377 4732 435 4770 cnm
447 4718 481 4770 orl
495 4735 549 4773 eos.
565 4720 614 4776 Ed.
626 4720 709 4791 hug,
723 4732 748 4776 et
757 4739 815 4776 omn
827 4724 882 4788 ism
894 4726 929 4780 ud
940 4742 995 4782 eos.
1119 4721 1148 4777 2.
1168 4719 1253 4774 Tereo
1275 4716 1307 4773 de
1316 4713 1464 4786 infelicibus
1479 4715 1563 4772 bellis.
1585 4713 1631 4771 Sic
1653 4713 1776 4771 scribere
1786 4711 1885 4784 jttbetti
1961 4743 1965 4750 ·

269 4784 316 4840 ιι.
338 4784 493 4842 insolenter.
505 4788 572 4845 Cod.
597 4792 741 4856 Perizon,
757 4793 891 4850 violenter.
1085 4790 1167 4848 codd.
1179 4789 1305 4845 Perizon.
1322 4796 1350 4842 et
1364 4785 1450 4855 bugd.
1464 4786 1536 4842 Batt.
1549 4801 1592 4856 pr.
1610 4792 1638 4840 et
1650 4791 1715 4840 tert.
1733 4784 1799 4840 ham
1818 4785 1884 4851 iliis,

270 4855 318 4916 ιδ.
334 4855 424 4913 Gildo.
440 4858 479 4915 De
491 4860 570 4929 httjus
583 4861 707 4918 Gildonis
720 4874 794 4920 motu
811 4865 926 4937 citraque
939 4866 1035 4924 erimi·
1085 4861 1157 4934 quod
1167 4862 1195 4916 in
1206 4863 1296 4932 rulgg.
1316 4858 1427 4929 leglluh
1444 4870 1477 4913 0¹
1496 4856 1883 4926 i2t12¹0⁰¹¹⁰¹l0hi0d¹¹³¹⁰¹¹¹

237 4924 317 4981 uibos
329 4939 418 4983 exstat
441 4932 475 4997 0.
489 4933 591 4988 Aurelii
611 4932 766 5005 Symmachi
782 4937 897 5005 epistola
923 4937 956 4993 ad
980 4936 1035 4994 Sti·
1086 4942 1147 5000 est,
1164 4941 1194 4988 ιιι
1208 4928 1343 4988 doceted.
1370 4932 1518 4998 augustan.
1534 4930 1561 4985 in
1585 4943 1636 5000 qua
1654 4935 1769 4998 utratpuo
1783 4925 1884 4990 lectio·

237 4995 373 5053 liebouent
389 5002 442 5054 scri
465 5013 489 5056 ta
504 5003 556 5058 libr
566 5019 603 5072 rr,
618 5006 700 5074 epist.
716 5006 746 5061 ι.
1087 5004 1225 5060 belliss'llis
1239 4999 1423 5072 eonjttugitnr.

271 5066 318 5151 ib.
335 5069 369 5152 lit
384 5016 664 5143 insinuaremus.
678 5075 781 5132 Vocula
803 5085 832 5131 st
847 5092 902 5135 nott
924 5093 1037 5152 compa·
1123 5076 1150 5132 3.
1174 5073 1342 5129 Pollentiam.
1357 5070 1474 5194 Lifssq‘iae
1496 5071 1614 5138 urbem,
1639 5083 1701 5153 nant
1717 5081 1745 5125 et
1760 5066 1886 5152 otiosius

238 5146 283 5194 ret
297 5155 322 5193 tu
335 5141 423 5197 trahes
435 5142 522 5214 Lugd.
537 5145 609 5202 Batt.
1089 5146 1207 5204 numinis
1220 5144 1248 5200 in
1264 5144 1364 5200 Piceno
1394 5151 1444 5196 ιιιι.
1461 5141 1581 5214 Utraque
1603 5154 1739 5213 gemmata
1755 5139 1845 5196 ltttcra
1860 5140 1887 5204 t,

273 5209 321 5267 st.
342 5208 377 5266 th
391 5214 488 5268 nexior
504 5216 586 5287 {rerer
604 5218 701 5272 occidi.
715 5218 754 5273 lta
767 5227 843 5276 reete
853 5234 919 5277 mss.
933 5230 961 5277 et
972 5220 1036 5277 edd.
1090 5218 1245 5278 Pollentia,
1271 5225 1300 5271 nt
1324 5213 1426 5270 hahent
1454 5228 1519 5270 mss.
1536 5214 1686 5279 mehores,
1703 5226 1773 5279 nott,
1798 5218 1828 5267 ιιι
1839 5208 1884 5270 ed.

238 5277 321 5335 Fahr.
333 5281 456 5340 Pessime
470 5289 498 5341 in
510 5286 570 5344 aliis
584 5288 736 5360 legebatur,
752 5300 780 5344 ut
792 5292 947 5348 nescieturo
958 5292 1039 5361 fratre
1090 5287 1192 5360 arrige..
1208 5285 1340 5353 Palmatis,
1351 5283 1533 5345 scribebatur.
1870 5351 1876 5362 ,

239 5352 334 5406 accidi.
348 5352 377 5408 ln
393 5356 462 5425 hug.
476 5357 521 5413 ed.
538 5358 647 5431 legitor,
676 5367 705 5413 st
732 5362 830 5416 uesrr'ot
843 5366 927 5434 p'roter
940 5362 1039 5432 occidi,
1126 5362 1154 5413 ι.
1169 5357 1245 5413 Duri.
1257 5357 1327 5413 hdd.
1342 5354 1553 5428 quaedamsed..
1566 5353 1696 5422 discessi
1706 5349 1887 5418 suntmobellr,

240 5423 322 5492 freter
336 5426 464 5497 occidere,
476 5445 528 5499 pso
541 5432 692 5486 sindicotar
706 5433 802 5487 occiso.
817 5431 871 5488 Sed
893 5449 990 5492 sensns
1003 5434 1041 5490 0·
1091 5441 1162 5495 ete:
1175 5429 1221 5485 sed
1232 5436 1327 5485 eontra
1338 5442 1405 5482 mss.
1419 5435 1447 5481 et
1459 5442 1552 5483 rcrttm
1568 5440 1691 5482 sensum.

241 5494 307 5549 rosii
319 5504 373 5563 est,
386 5509 530 5568 propterea
545 5502 571 5555 iu
591 5502 680 5558 loeutu
696 5517 712 5557 a
726 5502 810 5560 fratrc
827 5504 971 5560 llasceeile
996 5504 1039 5560 di·
1128 5504 1156 5558 b'.
1178 5497 1393 5556 hermettdissims'
1415 5496 1472 5552 dies
1485 5505 1639 5554 etsonetsun
1663 5495 1776 5551 Poscis.
1800 5490 1885 5566 bugd.

240 5577 350 5620 versum
363 5569 480 5632 ejectum
491 5570 645 5645 ihidemtpte
658 5577 779 5630 eccistam
792 5574 1039 5641 tuisseGildoaem,
1094 5575 1165 5630 batt.
1182 5580 1238 5627 tres
1252 5587 1313 5626 curn
1327 5568 1400 5624 coll.
1414 5565 1599 5624 Grottot.tiiei
1610 5567 1652 5624 rel
1672 5567 1720 5621 lici
1737 5563 1851 5620 Pascha.
1891 5606 1894 5642 ;

241 5648 277 5716 tte
291 5635 377 5692 irater
388 5639 498 5705 iuberet
513 5643 587 5699 illam
602 5659 708 5714 necem,
730 5661 783 5717 otta
797 5660 847 5703 scta
869 5645 986 5702 liliorum
1001 5661 1044 5701 or⁴
1129 5645 1156 5700 o.
1179 5641 1263 5699 Ultio.
1275 5640 1391 5697 Additttt·
1401 5638 1428 5692 iu
1439 5638 1502 5695 edu.
1515 5639 1676 5713 quibusdam
1687 5644 1794 5693 teil-tat
1808 5634 1890 5698 abatt-

240 5703 313 5762 bttas
325 5708 517 5766 vindicaretur.
1094 5715 1169 5773 danti
1184 5713 1282 5769 dicitas.
1737 5776 1744 5789 ‚
1782 5776 1788 5788 ‚

277 5775 315 5832 ιιι
347 5780 405 5848 Quo
420 5783 567 5839 circuiretur
586 5787 681 5843 occiso.
699 5785 736 5841 lta
751 5787 838 5854 hugo.
862 5787 932 5844 batt.
948 5801 1044 5844 omues
1132 5788 1159 5842 7.
1179 5784 1244 5840 Corn
1257 5800 1284 5838 se
1296 5782 1413 5839 inrisam.
1432 5781 1571 5847 Peneon„
1587 5795 1645 5835 cura
1656 5780 1683 5833 in
1695 5794 1722 5836 se
1735 5792 1853 5836 astartem.

241 5859 306 5905 eum
315 5846 388 5908 Goll.
399 5850 519 5912 Grosor.
529 5855 585 5928 psi,
596 5865 650 5914 ets.
664 5859 701 5916 st
714 5872 782 5917 mss.
793 5857 928 5917 Florentt.
941 5856 1042 5915 etedd.
1382 5872 1385 5878 '
