4192 6434
435 366 538 425 771

1831 350 2035 413 nsunt
2064 348 2300 442 attosti

3627 340 3744 398 ¹272

430 428 656 541 (ir-aciae
680 475 961 550 oppidum,
992 482 1014 516 ⁸
1040 470 1400 545 expugnavit.
1433 466 1802 527 Athenienses
1832 467 1980 520 varia
2005 463 2026 496 ⁸
2054 463 2105 531 Α
2131 463 2326 521 endem
2366 461 2456 520 die
2475 502 2490 529 ,
2534 475 2641 531 quo
2680 460 2735 524 in
2765 459 2972 518 Boeotia
3014 457 3285 517 Mardonii
3327 457 3501 530 copiae
3538 457 3745 515 deletae

436 575 823 642 sollicitatione
865 569 1141 627 adducere
1194 568 1247 625 in
1279 582 1433 639 spem
1466 565 1615 635 pacis
1663 563 1686 594 '⁴
1714 573 2030 633 aggressus,

440 671 536 730 ubi
581 664 1058 738 inexpugnabilem
1097 676 1286 726 eornm
1328 659 1638 716 libertatem
1679 655 1847 723 videt,
1882 654 1904 686 ⁸
1944 653 2031 711 in-

439 777 604 821 censa
646 759 798 816 urbis
826 766 1003 830 parte,
1034 756 1088 811 in
1122 754 1391 811 Boeotiam
1430 767 1649 808 omnem
1692 750 1818 807 belli
1860 762 2030 819 appa-

441 863 622 913 ratum
662 853 683 886 ⁸
710 849 947 908 deducit.
989 847 1119 903 llluc
1166 860 1382 916 qnoque
1430 860 1554 900 eum
1602 852 1820 900 centum
1862 840 2032 897 millia

440 948 756 1006 Gra-corum
801 941 1044 998 insecuta
1087 948 1235 1002 sunt,
1268 949 1344 1006 et,
1372 937 1667 995 commisso
1705 937 1825 993 sine
1874 949 2022 991 mora

441 1039 656 1113 praelin,
688 1039 707 1069 ⁷
741 1034 1106 1099 Mardonium,
1151 1030 1345 1088 deletis
1387 1029 1562 1100 copiis
1606 1029 1799 1100 ipsius,
1832 1029 1854 1062 ⁸
1883 1027 2034 1084 velut

442 1149 475 1191 c
521 1129 803 1203 naufragio
848 1128 1076 1192 nudum,
1106 1141 1230 1181 cum
1282 1125 1470 1196 paucis
1516 1124 1704 1196 lugere
1754 1123 2037 1194 compule-

440 1233 567 1282 runt
599 1240 613 1277 2
646 1231 822 1285 castra
859 1222 880 1254 ⁹
922 1218 1085 1289 regiis
1122 1218 1317 1288 opibus
1358 1217 1560 1273 relerta
1609 1225 1895 1286 ceperunt,
1931 1230 2039 1271 non

444 1331 612 1387 parvo
672 1311 894 1386 quidem
962 1309 1202 1382 antiquae
1281 1307 1564 1365 industria}
1624 1308 1844 1363 damno.
1903 1306 2037 1363 Nam

442 1420 565 1481 post
593 1411 639 1443 ¹⁰
668 1406 825 1478 liujus
873 1404 1072 1476 praedae
1128 1401 1703 1469 divisionem,aurum
1758 1400 2037 1457 Persicum

443 1503 615 1574 prima
650 1503 689 1538 ¹¹
724 1498 952 1556 Graeciae
991 1494 1209 1552 virtutis
1247 1494 1533 1566 corruptio
1565 1493 1684 1549 lnit.
1718 1492 1891 1563 Urget
1938 1493 2041 1563 igi·

448 1605 536 1652 tur
565 1594 607 1624 ¹¹
638 1593 884 1667 inceptus
906 1588 1138 1651 miseros
1165 1599 1411 1645 extrema
1447 1586 1704 1659 perditio.
1735 1585 1869 1640 Nam
1900 1583 2039 1643 lorte

2142 568 2291 626 sunt,
2324 571 2449 629 pars
2469 556 2670 613 Persici
2694 556 2962 613 exercitus
2988 555 3042 611 in
3070 554 3195 610 Asia
3212 554 3256 588 ¹⁸
3278 553 3382 610 snb
3409 559 3596 608 monte
3617 552 3742 625 My-

2141 653 2258 710 cale
2294 649 2473 707 navali
2508 649 2693 720 praelio
2720 648 3036 704 dimicabat.
3067 645 3145 712 Ibi
3176 650 3371 701 'novus
3399 652 3625 714 repente
3646 661 3750 700 ru-

2142 760 2262 801 mor
2281 743 2435 816 117
2460 740 2742 812 utriusque
2770 740 2960 796 classis
2986 749 3040 795 et
3068 738 3250 809 populi
3282 737 3536 808 implevit
3567 736 3615 770 st
3641 751 3751 791 au-

2143 854 2253 904 rcS,
2286 836 2550 893 Martlonii
2572 836 2871 893 exstinctas
2891 834 3076 905 copias
3091 834 3310 891 Groecos
3329 832 3609 890 exstitisse
3622 833 3747 888 vic-

2144 938 2309 986 tores.
2332 929 2468 985 Mira
2488 928 2660 984 divini
2680 927 2866 997 judicii
2890 927 3183 993 ordinatio,
3200 928 3257 987 in
3275 926 3506 991 Boeotia,
3524 924 3755 982 oriente

2143 1022 2282 1086 sole,
2304 1021 2503 1078 bellum
2534 1020 2703 1077 l'uisse
2724 1021 3100 1086 commissum,
3135 1020 3179 1052 ²⁸
3208 1020 3260 1077 in
3299 1020 3447 1086 Asia,
3484 1019 3755 1075 meridia·

2144 1113 2228 1168 nis
2255 1112 2407 1168 horis
2434 1111 2536 1168 sub
2559 1112 2750 1167 codem
2780 1111 2869 1167 die
2893 1150 2910 1179 ,
2944 1110 3107 1165 tantis
3134 1111 3324 1179 spatiis
3361 1110 3529 1166 maris
3555 1119 3753 1166 terr-:c-

2142 1222 2248 1279 11118
2291 1205 2741 1277 interjacentibus
2767 1246 2781 1272 ,
2817 1204 3159 1261 nuntiatum!
3196 1203 3239 1236 ¹⁶
3267 1203 3355 1259 cui
3401 1204 3609 1260 rumori
3659 1203 3752 1260 rel

2144 1302 2755 1373 maxime-astipulatum
2784 1309 2889 1367 est,
2922 1299 3066 1371 quod
3096 1299 3307 1364 Persas,
3344 1299 3530 1354 audita
3557 1297 3756 1354 clades

2142 1397 2438 1464 sociorum,
2474 1397 2708 1466 primum
2737 1393 2956 1459 dolore,
2986 1392 3184 1448 deliine
3209 1391 3598 1463 desperatione
3627 1405 3758 1447 cor-

2147 1500 2335 1561 reptos
2359 1530 2375 1558 ,
2408 1491 2509 1547 nec
2548 1490 2696 1546 bello
2730 1490 3036 1560 expeditos,
3072 1502 3171 1543 nec
3200 1485 3341 1558 fugae
3372 1487 3588 1544 ltabiles
3620 1487 3752 1544 red-

2144 1583 2300 1640 didit.
2353 1587 2529 1655 Atque
2561 1584 2634 1639 ita
2682 1589 3070 1640 consternatos
3125 1580 3577 1653 profligatosque,
3618 1595 3760 1637 con-

1718 1704 2177 1763 ttavssflcfflpt
2216 1702 2451 1762 No'rAE.

448 1828 827 1903 potentissimo
856 1827 949 1882 illo
979 1839 1107 1895 rege
1151 1829 1418 1895 gesserat.
1446 1820 1565 1889 Quo
1614 1829 1883 1891 tempore,
1915 1830 1970 1876 et
1996 1835 2026 1876 a

450 1903 645 1972 quibus
677 1900 925 1955 restituta
960 1894 1143 1960 suerit,
1177 1909 1286 1950 non
1314 1896 1556 1961 invenio,
1587 1891 1771 1947 Persae
1795 1907 1903 1948 nnn
1928 1892 2027 1946 de-

453 1978 791 2034 struxerunt,
818 1967 935 2033 sed,
967 1967 1123 2022 caesis
1148 1965 1360 2029 incolis,
1386 1978 1557 2021 novos
1580 1963 2025 2018 introduxerunt.

2137 1830 2455 1888 argenteum
2494 1827 2677 1875 servat
2699 1819 2842 1876 Gaza
2871 1819 3264 1887 Priuer-teiam,
3307 1816 3492 1877 Dianae
3517 1829 3576 1876 et
3607 1818 3769 1881 Jovis

2138 1893 2284 1947 cultu
2317 1891 2674 1962 conspicuum
2693 1935 2708 1957 ,
2748 1903 2801 1945 et
2830 1899 3055 1962 propter
3083 1893 3414 1961 scripturam
3442 1902 3770 1950 οΛοΝτΙΩΝ

2142 1965 2465 2019 notabilem.
2535 1962 2783 2018 Alterum
2851 1977 3054 2017 :rreum
3126 1961 3437 2032 suppeditat
3510 1961 3774 2018 Goltzius

454 2043 607 2099 Unde
634 2051 925 2109 supersunt
955 2037 1116 2094 lindie
1148 2038 1446 2092 etiamnum
1480 2033 1836 2091 nobilissima}
1874 2036 2033 2090 istius
2065 2034 2111 2093 Β
2139 2037 2527 2093 communione
2570 2044 2629 2091 et
2653 2034 2948 2092 concordia
2979 2034 3356 2091 Toroneorttm
3385 2042 3560 2104 atque
3596 2035 3776 2105 Olyn-

458 2113 605 2171 urbis
647 2111 876 2176 nummi,
907 2118 1068 2180 atque
1119 2125 1185 2165 ex
1224 2105 1440 2177 duobus
1475 2105 1830 2183 sequentibus
1868 2102 2034 2162 unum

2143 2107 2383 2177 tliiorum
2412 2111 2596 2178 (erant
2622 2114 2803 2164 autem
2833 2105 2995 2183 urbes
3023 2105 3267 2180 vicinae),
3296 2105 3600 2178 insignem.

525 2963 581 3019 2.
608 2958 961 3035 Expuqnatit.
989 2957 1246 3029 Sequitur
1274 2958 1503 3015 Orosius
1544 2959 1840 3015 Justinttm.
1872 2958 2048 3014 liero-

460 3030 623 3090 dotus
652 3039 835 3088 antem
869 3030 964 3087 lib.
995 3045 1094 3086 vm
1132 3029 1344 3097 scribit,
1378 3030 1677 3103 Olynthum
1711 3046 1817 3087 nou
1850 3046 1877 3083 a
1907 3029 2050 3085 blar-

458 3106 625 3160 ‹lnnio
680 3103 776 3161 sed
824 3101 1000 3159 altero
1056 3103 1317 3173 protecto
1372 3104 1643 3161 Artabazo
1691 3110 2053 3173 expugnatam

458 3192 601 3232 esse.
633 3174 802 3231 Fann.

527 3249 581 3303 5.
638 3245 802 3301 Varia
848 3243 1235 3303 sollicitatione.
1280 3245 1452 3317 Lugii.
1484 3245 1603 3301 Bat.
1649 3259 1727 3314 p.,
1756 3261 1912 3302 vana.
1944 3244 2051 3302 Sed

456 3319 702 3389 pluribus
734 3317 909 3373 modis
952 3319 1319 3376 constantiam
1368 3314 1795 3374 Atheniensium
1845 3316 2050 3373 trustra

459 3391 688 3446 tentavit
716 3389 1047 3445 Mardonius.

526 3459 583 3517 4.
614 3462 919 3532 quu-assus.
968 3459 1140 3532 Lugd.
1175 3460 1316 3515 Batt.
1351 3475 1545 3517 omnes
1590 3475 1713 3516 cum
1757 3459 2037 3528 Pei-iton„

457 3531 592 3587 Uitr.
632 3539 687 3587 et
733 3532 873 3587 Coll.
926 3530 1169 3587 Gronov.
1204 3539 1371 3603 atque
1416 3533 1605 3601 primis
1650 3531 1859 3602 aliquot
1909 3531 2038 3587 edd.

456 3601 663 3657 addunt
693 3609 788 3655 est.
822 3601 941 3656 Mox
973 3602 1098 3655 vidit
1129 3618 1224 3670 pro
1253 3603 1391 3656 videt
1423 3602 1512 3658 ed.
1545 3602 1685 3672 Aug.

531 3673 583 3727 5.
629 3670 851 3725 Incensa
899 3671 1040 3726 urbis
1084 3682 1250 3738 parte.
1303 3675 1517 3730 Partem
1567 3674 1712 3726 illam
1764 3671 2045 3744 inlelligit,

455 3760 620 3814 quam
659 3743 1025 3799 Athenienses
1051 3743 1166 3813 jam
1212 3745 1544 3800 retrdillcare
1583 3755 1889 3814 coeperant,
1921 3760 2050 3800 auc-

459 3822 579 3870 tore
621 3816 855 3870 lustino.
891 3815 1196 3870 llcroilotus
1224 3827 1276 3870 et
1308 3815 1574 3871 Diodorus
1602 3815 1866 3881 scribunt,
1902 3817 2045 3871 lilar-

455 3886 703 3957 donium‚
737 3887 976 3943 incensis
999 3888 1251 3955 AtlteniS‚
1281 3889 1547 3943 evertisse
1570 3887 1829 3958 quidquid
1866 3903 2050 3943 muro-

457 3972 576 4013 rntn
623 3960 933 4029 aetliumque
997 3969 1106 4013 tam
1151 3973 1435 4016 sacrarum
1486 3974 1651 4029 quam
1698 3957 2046 4028 profanarum

459 4030 731 4100 reliquum
755 4038 894 4084 erat.
926 4029 1092 4085 ΒΑΜ.

529 4104 582 4154 ti.
614 4099 856 4155 Deducit.
888 4100 1279 4157 Perizonianus
1308 4101 1502 4167 codex,
1530 4100 1695 4154 ducit.
1731 4099 1872 4156 Eud.
1899 4117 2045 4170 1111111-

456 4170 579 4225 dam
612 4179 766 4241 vett„
797 4171 850 4225 itt
884 4186 1086 4226 omnem
1128 4169 1382 4230 Boeoaam
1408 4186 1506 4242 pro
1548 4173 1604 4225 in
1652 4170 1899 4226 Boeotiam
1940 4189 2050 4228 om-

457 4259 593 4297 acen.

531 4313 584 4368 7.
641 4311 977 4368 Mardonium
1028 4312 1210 4368 deletis
1256 4313 1419 4381 copiis
1473 4313 1658 4384 ipsius,
1683 4321 1790 4368 etc.
1844 4312 2047 4373 Vereor

456 4382 705 4454 equidem
739 4401 805 4441 tte
832 4383 1101 4452 lustinus,
1127 4385 1180 4438 in
1211 4399 1310 4440 sua
1336 4383 1587 4454 Epitoma
1620 4385 2045 4453 decepttts,eum

457 4471 520 4511 ea
554 4473 671 4526 quan
716 4455 991 4512 Artabazo
1038 4456 1324 4511 tribuenda
1372 4467 1547 4520 etant,
1582 4455 1649 4511 ati
1702 4456 2046 4511 Mardonium

438 4528 743 4598 ,retulerim
777 4528 1032 4583 Orosium
1080 4541 1299 4596 quoque
1348 4529 1400 4582 in
1448 4542 1693 4583 errorem
1750 4529 2043 4582 induxerit.

457 4597 590 4654 Nam
622 4600 953 4656 Artabazum
985 4598 1287 4668 aufugisse,
1322 4598 1659 4655 Mardonium
1690 4599 1741 4654 in
1772 4613 1946 4669 pugna
1977 4599 2045 4655 ad

455 4671 683 4726 l’latu‘as
713 4671 1002 4734 cecidisse,
1020 4669 1350 4738 llerodotuS,
1370 4669 1664 4735 l)iodoru8‚
1696 4670 2043 4736 PlutarcltuS,

457 4741 664 4814 aliique
696 4758 888 4799 omnes
918 4741 1188 4798 scribunt.
1224 4739 1638 4799 Pausanias'lib.
1666 4757 1679 4795 t
1707 4743 1802 4805 ait,
1834 4741 2047 4797 ilat-do-

456 4813 603 4869 nium
637 4828 669 4867 a
690 4815 959 4886 Spartano
999 4813 1169 4869 milite
1195 4813 1539 4869 intersectum
1569 4813 1756 4867 fuisse.
1788 4813 2046 4869 lnterl'ec-

455 4895 629 4941 torem
684 4884 991 4942 llerodotus
1028 4884 1120 4940 lib.
1167 4888 1592 4958 11,’Δὼμνηστον,
1635 4883 1957 4940 Plutarchus
1989 4887 2041 4941 in

454 4954 696 5013 Aristide
723 4958 1060 5032 ’Δρόμνηστον
1092 4956 1356 5013 nominat.
1395 4957 1593 5010 Verum
1620 4958 1688 5006 ab
1720 4955 1803 5010 liis
1831 4956 2044 5012 dissen-

462 5027 525 5080 tit
549 5029 784 5097 Ctesias,
811 5029 902 5100 qni
936 5025 1276 5083 Mardonium
1317 5037 1545 5097 accepto
1587 5024 1811 5082 vulnere
1842 5025 2046 5095 fugisse

458 5097 644 5165 tradit,
678 5114 741 5154 ac
784 5098 986 5156 deinde
1022 5112 1052 5152 a
1095 5096 1275 5152 Xerxe
1316 5098 1547 5152 missum
1585 5097 1653 5152 ad
1700 5097 2043 5167 spoliandum

458 5168 736 5237 Apollinis
768 5170 1034 5240 templum
1081 5182 1273 5238 magna
1318 5168 1369 5223 vi
1400 5168 1681 5237 grandinis
1725 5185 2046 5239 oppressum

459 5239 754 5365 guteriisse.
773 5241 908 5297 Eum
933 5240 1097 5311 igitur
1125 5236 1371 5296 lustinus
1394 5253 1448 5295 et
1469 5238 1695 5295 orosius
1723 5249 2044 5312 sequuntur.

503 5326 627 5367 ann.

532 5384 584 5438 8.
618 5381 773 5439 Velut
802 5400 830 5439 e
860 5383 1160 5453 naufragio.
1190 5382 1326 5440 Tres
1367 5381 1541 5455 Lugd.
1580 5382 1698 5438 Bat.
1730 5398 1854 5439 cum
1905 5382 2049 5441 Coll‘.

460 5452 726 5518 Gronov..
761 5456 923 5513 veluti
944 5456 1006 5510 de
1026 5454 1322 5527 naufraqio.

530 5527 585 5582 9.
614 5525 813 5596 Regiis.
842 5528 978 5585 Tres
1006 5527 1175 5597 Lugii.
1207 5529 1375 5593 Bau..
1402 5543 1569 5601 reyes.

532 5599 619 5656 10.
657 5598 833 5674 Hujus
858 5599 1071 5674 praedoe.
1097 5598 1187 5654 Sic
1219 5600 1433 5670 reposui
1469 5615 1533 5655 ex
1576 5599 1699 5656 eod.
1732 5596 2046 5668 Langobar·

460 5670 603 5798 11111οᾶ
629 5673 1047 5746 astipulantibus
1083 5679 1292 5743 septem
1323 5672 1445 5726 aliis
1484 5685 1620 5726 mss.
1656 5667 1869 5738 Vulgati
1897 5668 2050 5722 istius

496 5759 567 5799 roe
602 5760 667 5798 ω.

458 5759 493 5815 p
533 5811 620 5870 11.
639 5813 855 5876 Groecioe
869 5816 1094 5876 virtutis.
1111 5813 1422 5873 Defendunt
1441 5813 1579 5869 banc
1598 5810 1896 5868 lectionem
1921 5823 2047 5864 cum

461 5883 552 5940 ed.
591 5884 858 5962 principe,
885 5889 1058 5960 iisque
1104 5904 1223 5960 quas
1270 5885 1417 5943 illam
1462 5894 1668 5942 secutas
1706 5889 1860 5953 sunt,
1886 5890 2049 5955 atque

2166 2959 2305 3029 Aug.
2337 2966 2448 3014 tres
2477 2956 2637 3014 codd.
2664 2957 2965 3014 Florentini
3005 2967 3061 3015 et
3106 2967 3215 3016 tres
3246 2960 3378 3015 item
3411 2961 3591 3033 Lugii.
3620 2964 3767 3023 niu.

2164 3044 2285 3086 cnm
2319 3029 2463 3086 Ultr.
2513 3039 2570 3084 et
2617 3030 2758 3084 Call.
2789 3032 3032 3087 Gronov.
3082 3041 3247 3104 atque
3299 3032 3458 3091 vinc.
3502 3032 3766 3093 Bellova-

2163 3117 2346 3158 cense.
2381 3099 2578 3155 Groecoe
2612 3100 2814 3155 virtutis
2853 3105 3063 3159 malunt
3103 3118 3232 3159 mss.
3258 3101 3431 3178 Lngd.
3461 3106 3585 3161 But.
3620 3123 3762 3176 sec„

2166 3173 2414 3229 Perizon.
2445 3181 2502 3228 et
2530 3172 2681 3228 Meus
2708 3189 2830 3227 cum
2862 3175 2992 3229 edit.
3030 3174 3261 3242 llittorp.
3284 3174 3338 3230 et
3363 3177 3655 3250 Bolsuing.
3686 3174 3691 3178 ’

2239 3247 2326 3300 19..
2356 3242 2628 3313 Inceptus.
2659 3243 2758 3297 Ed.
2789 3246 2928 3316 Aug.
2960 3257 3013 3301 et
3046 3262 3149 3300 ms.
3186 3247 3330 3302 Flor.
3364 3258 3489 3304 tert.
3521 3251 3757 3306 melido-

2164 3332 2245 3381 se,
2275 3318 2534 3383 inceptos,·
2566 3315 2724 3369 sicuti
2756 3330 2884 3370 mox
2927 3316 3100 3385 prima
3132 3327 3187 3374 et
3217 3319 3361 3373 illam
3397 3332 3629 3387 secutae,
3658 3339 3762 3393 quo

2078 3378 2125 3440 G
2161 3390 2214 3441 in
2245 3384 2500 3441 Boeotiam
2542 3385 2807 3442 Mardonii
2836 3389 3001 3462 copia.»
3027 3388 3216 3445 delatoe
3241 3399 3380 3445 sunt.
3412 3394 3597 3464 Atque
3628 3392 3757 3451 dein

2154 3459 2250 3513 sab
2277 3458 2523 3512 moeuibus
2554 3458 2824 3514 Michales.

2227 3530 2314 3585 15.
2347 3528 2458 3585 snb
2499 3538 2668 3583 ”tonte
2714 3528 2942 3604 Mycale.
2965 3542 3043 3587 Ἐν
3083 3534 3290 3608 Μυκάλῃ
3317 3543 3411 3596 τῆς
3432 3539 3646 3601 Ἰωνίης.
3672 3543 3756 3594 est

2152 3600 2293 3671 apud
2325 3599 2660 3655 Herodotum
2699 3601 2837 3657 libro
2869 3604 3080 3668 ultimo,
3110 3604 3198 3658 ubi
3234 3603 3464 3661 historia
3498 3607 3756 3676 pluribus

2151 3671 2501 3734 describitur,
2525 3673 2665 3726 sicut
2697 3682 2752 3728 et
2779 3675 2922 3742 apud
2951 3676 3246 3731 Diodorum
3276 3677 3414 3733 libro
3436 3678 3752 3735 undecimo.

2152 3743 2296 3813 Lege
2328 3752 2592 3814 praeterea
2613 3738 2986 3818 Thucydidem
3009 3746 3151 3802 libro
3180 3746 3382 3817 primo.
3413 3746 3589 3806 Fun.
3662 3740 3667 3745 ’

2227 3813 2313 3870 M.
2365 3815 2547 3869 Aures.
2581 3813 2830 3871 Glossam
2860 3817 3125 3871 audientes
3151 3819 3359 3873 addunt
3388 3819 3564 3891 Lnga.
3611 3822 3748 3877 Bait.

2151 3901 2267 3957 pr..
2305 3893 2430 3941 tert.
2464 3894 2520 3941 et
2544 3896 2722 3957 quart.
2754 3902 2874 3944 cum
2899 3888 3040 3946 Coll.
3070 3889 3312 3946 Gronov.
3341 3906 3356 3957 ;
3385 3907 3510 3964 opes
3543 3910 3639 3966 pro
3667 3909 3746 3948 co·

2153 3959 2268 4028 pias
2293 3957 2465 4026 Lttgd.
2500 3954 2645 4011 Batt.
2676 3975 2757 4028 pr.

2223 4030 2312 4086 15.
2347 4027 2412 4082 ln
2455 4031 2609 4086 Asia.
2641 4034 2942 4087 meridianis
2975 4033 3131 4087 lioris.
3183 4032 3514 4090 Herodotus
3555 4038 3623 4092 τὸ
3660 4036 3743 4110 μέν

2152 4102 2199 4155 ἐν
2237 4102 2513 4160 Πλαταιῆσι
2567 4101 2705 4176 πρωῒ
2751 4102 2832 4160 ἔτι
2868 4112 2960 4166 τῆς
2987 4107 3178 4185 ἡμέρης
3215 4108 3404 4180 ἐγίνετο
3429 4150 3444 4173 ,
3496 4109 3557 4164 τὸ
3598 4109 3650 4165 δὲ
3696 4111 3742 4164 ἐν

2150 4174 2380 4245 Μυκάλῃ,
2410 4176 2531 4249 περὶ
2559 4172 2740 4241 δείλην,
2772 4174 2822 4229 id
2855 4190 2930 4230 est
2962 4176 3062 4230 Res
3104 4176 3174 4229 ad
3225 4177 3449 4232 l'lataeas
3498 4180 3740 4234 niatutiuo

2152 4253 2384 4312 tempore
2427 4256 2567 4314 qesta
2618 4256 2714 4309 est,
2770 4245 2839 4299 ad
2884 4244 3127 4321 Mycalen
3168 4250 3479 4322 vespertino.
3525 4251 3733 4307 Orosius

2150 4315 2426 4371 lustinum
2453 4317 2722 4386 sequitur.
2764 4317 2926 4373 t'sun.

2225 4387 2314 4440 ¹6.
2366 4383 2462 4441 cin·
2516 4389 2712 4443 rumori
2760 4391 2839 4444 rel
2883 4388 3107 4445 maxime
3141 4391 3482 4462 astipulatum
3519 4402 3614 4449 est.
3645 4391 3724 4448 Sic

2150 4455 2411 4513 exhibent
2442 4459 2567 4512 edd.
2599 4461 2871 4532 princeps,
2909 4461 3104 4526 Paris„
3136 4461 3385 4531 Venetas,
3423 4464 3656 4531 llittorp.
3685 4471 3733 4518 et

2152 4530 2431 4599 liolsuing.
2458 4529 2525 4584 At
2555 4531 2886 4601 Augustana.
2917 4532 3021 4597 Qui
3041 4549 3217 4587 rumor
3243 4535 3289 4588 ei
3317 4536 3391 4587 rei
3414 4534 3496 4589 vel
3525 4536 3734 4590 niaxime

2151 4600 2464 4669 astipulatus
2494 4611 2587 4654 est.
2618 4604 2771 4666 Quod
2805 4615 3128 4676 receperunt
3159 4603 3442 4659 Fabricius
3488 4615 3544 4661 et
3590 4606 3734 4661 Scot-

2151 4679 2236 4726 tns
2261 4711 2276 4737 ,
2309 4682 2471 4736 atque
2502 4673 2681 4741 plut-es
2710 4691 2774 4730 cx
2822 4691 2951 4729 mss.
2983 4674 3310 4730 confirmare
3345 4678 3640 4742 videntum
3689 4676 3732 4730 ei

2076 4764 2125 4824 D
2154 4752 2331 4798 tamen
2362 4743 2505 4798 delet
2533 4742 2706 4809 Mens,
2736 4757 2787 4800 et
2814 4748 2864 4801 in
2894 4745 3065 4801 Florr.
3099 4749 3274 4814 primo
3300 4755 3356 4802 et
3383 4755 3511 4804 tert.
3542 4757 3628 4805 est
3653 4748 3735 4818 qui

2150 4829 2364 4868 rumore
2407 4814 2485 4868 vel
2533 4817 2755 4872 maxime
2795 4819 2867 4872 rei
2897 4816 3211 4886 astipulatus
3231 4828 3342 4884 est,·
3409 4816 3463 4872 in
3513 4834 3624 4875 see.
3653 4835 3741 4873 rus

2150 4883 2278 4957 (sic)
2305 4901 2464 4952 more,
2515 4895 2619 4941 etc.
2645 4929 2659 4952 ‚
2689 4895 2749 4942 ut
2777 4889 2827 4944 in
2861 4905 2940 4960 pr.
2976 4889 3035 4944 Si
3064 4891 3333 4961 vulgatam
3362 4891 3592 4946 velimus
3631 4905 3751 4945 am-

2152 4955 2348 5027 plecti,
2400 4969 2592 5012 sensus
2623 4968 2727 5020 est.
2759 4961 2849 5029 qtti
2901 4975 3083 5015 rumor
3111 4961 3160 5015 ei
3189 4960 3290 5026 rei,
3324 4961 3376 5015 id
3419 4971 3523 5029 est,
3572 4960 3741 5018 divini

2149 5028 2320 5098 judici
2346 5028 2703 5093 ordinationi.
2732 5032 3052 5103 astipulatus
3076 5039 3178 5088 est.
3211 5029 3413 5088 Verum
3445 5047 3548 5103 ego
3578 5029 3750 5088 malui

2151 5107 2391 5154 veterem
2445 5101 2704 5156 reducere
2757 5102 3085 5166 lectionem,
3132 5103 3258 5173 quia
3306 5101 3523 5160 videtur
3573 5104 3754 5175 magis

2152 5171 2436 5226 commode
2489 5172 2656 5228 linere
2709 5175 2885 5230 oratio
2916 5218 2930 5239 ‚
2992 5175 3290 5243 praesentim
3337 5174 3384 5229 si
3446 5191 3543 5242 pro
3598 5176 3754 5230 clade

2163 5241 2367 5312 (prouti
2411 5257 2602 5298 omnes
2654 5244 2932 5317 exltzbent)
2984 5243 3286 5302 scribamus
3334 5244 3553 5313 clades,
3605 5240 3753 5311 qnod

2161 5314 2384 5368 omnino
2411 5311 2625 5369 videtur
2651 5331 2873 5386 poscere
2900 5331 3092 5371 sensns
3117 5356 3131 5375 .
3163 5328 3212 5371 at
3260 5332 3324 5371 ue
3365 5316 3539 5372 miror
3588 5313 3752 5374 alicui

2160 5384 2212 5439 in
2244 5395 2478 5439 mentem
2513 5400 2619 5440 non
2645 5389 2880 5442 venisse.
2910 5386 3023 5443 Nisi
3053 5387 3196 5442 entim
3267 5401 3370 5444 ane
3396 5386 3738 5445 admittamus

2157 5455 2623 5522 emendationem,
2661 5459 2864 5514 nullum
2911 5457 3172 5524 verbum,
3225 5456 3372 5515 nulla
3423 5475 3529 5516 vox
3582 5458 3634 5515 in
3682 5460 3739 5516 iis

2154 5541 2275 5596 quan
2307 5528 2622 5596 pru-cedunt
2662 5532 2936 5596 occurrit,
2971 5525 3062 5585 cui
3109 5529 3447 5586 conveniant
3493 5546 3616 5599 ‹tu-e
3661 5546 3733 5586 sc-

2155 5607 2414 5665 quuntur,
2445 5614 2536 5652 nec
2564 5598 2700 5654 bello
2728 5599 2995 5671 expeditos
3014 5641 3030 5666 ,
3059 5612 3166 5656 etc.
3185 5645 3201 5668 ,
3235 5599 3485 5657 reddidit.
3521 5601 3578 5657 td
3603 5602 3725 5658 enitn

2157 5668 2283 5723 lecit
2302 5670 2484 5723 audita
2512 5669 2687 5725 clades
2714 5673 2995 5738 sociorum,
3023 5687 3120 5740 pro
3135 5687 3248 5797 3¹¹⁰
3269 5671 3470 5729 melius
3501 5679 3723 5742 potuerat

2155 5740 2391 5795 scribere
2417 5742 2640 5797 Orosius
2681 5758 2937 5809 suornm,⁸
2974 5758 3097 5798 nam
3179 5757 3318 5799 ersoe
3362 5743 3586 5801 luerunt
3612 5788 3628 5814 ‚
3653 5738 3720 5815 qui

2155 5811 2208 5866 in
2236 5809 2442 5866 Graecia
2464 5812 2749 5940 Perierunt
2769 5852 2783 5873 .
2817 5813 2976 5869 sicuti
2999 5824 3053 5871 et
3081 5813 3171 5871 hic
3192 5813 3377 5872 Persae
3398 5859 3415 5887 ,
3450 5816 3542 5888 qui
3564 5822 3712 5874 certa·

2154 5880 2301 5940 mine
2327 5899 2461 5940 nava
2488 5887 2504 5941 i
2534 5882 2661 5941 victi
2688 5883 2927 5940 luerunt.
