4192 6434
214 384 284 444 ¹2⁰5

757 383 858 441 trosti
880 383 924 440 ot]
942 380 1095 449 attoltttll
1115 383 1325 445 elocuturs.
1345 454 1350 460 ,

1794 390 1863 449 leod

214 510 327 573 propter
342 500 451 559 reniam
465 500 570 558 scilieet
586 501 793 573 promerendam
808 521 814 562 ;
831 500 894 572 prtia
905 500 930 557 id
942 498 1013 572 quod
1029 500 1176 570 douidem
1191 501 1262 560 bona
1274 520 1334 575 que
1345 505 1428 562 babet
1442 505 1469 562 in
1480 506 1659 576 formatione,
1672 509 1863 580 stuatosum,

213 594 313 649 laetum
335 600 388 659 est,
405 591 494 649 lacere
516 591 645 651 inlectam
660 593 774 648 multum
790 592 824 648 ab
839 593 891 649 isto
905 591 1012 647 laudata
1066 602 1169 663 monte,
1184 609 1318 652 asuntmo
1333 598 1389 654 lieo
1401 598 1493 667 babel,
1509 607 1635 656 creatore
1648 610 1674 655 et
1687 602 1794 658 artiliee
1804 618 1865 672 sno,

212 684 334 759 potentia
350 685 394 740 illa
411 675 516 740 naturae
527 696 554 740 et
564 684 690 741 noluntas
705 685 841 753 bominis,
856 685 938 740 etiam
954 684 1015 754 ipso
1066 683 1164 740 vitium
1178 700 1246 743 rero
1258 688 1332 758 quod
1344 688 1395 745 ista
1409 688 1542 745 naturalia
1560 690 1630 747 bona
1644 692 1824 748 contenebrat
1838 703 1866 750 et

215 777 327 847 latente,
347 793 400 832 non
418 787 516 847 potest.
537 777 627 845 Quare
646 777 697 832 itae
710 779 873 834 necessitato
889 785 973 833 restat
986 782 1016 832 ut

215 883 279 929 oret
302 871 426 943 ignosci:
444 879 474 926 ut
492 880 582 927 autent
607 871 749 942 adjuretur
770 886 804 927 ne
824 881 934 943 peccet,
951 887 1017 927 ntrs·

214 980 296 1039 qrram
313 963 401 1033 dixit,
423 978 477 1021 noo
493 963 537 1021 bio
558 964 620 1035 legi.
636 963 732 1020 Mirum
745 963 779 1020 do
795 964 845 1020 irae
860 979 889 1019 re
904 963 1016 1019 omnino

215 1057 367 1124 silentium,
379 1071 440 1111 eum
455 1056 544 1111 oratio
559 1055 697 1111 bominiea
709 1063 853 1126 utrumqne
868 1053 1016 1126 petendum
1031 1075 1033 1078 ⁴

216 1165 278 1209 esse
304 1156 476 1206 commoueat
496 1167 502 1201 :
524 1155 560 1203 et·
578 1157 607 1203 ut
626 1147 797 1204 dimittantur
821 1147 900 1203 nobis
927 1147 1017 1203 debita

203 1249 322 1310 nostra,
336 1252 363 1297 et
376 1250 406 1296 ut
417 1255 470 1296 non
483 1249 495 1276 ι
507 1239 667 1296 inducamur
680 1240 707 1295 in
720 1239 894 1296 tentationem
907 1238 1016 1312 (llottlr.

217 1353 256 1403 rt,
274 1336 318 1405 ta,
330 1337 387 1406 le).
404 1334 471 1390 ttlnd
487 1343 516 1389 ut
533 1335 669 1406 preterita
684 1336 848 1410 expientur:
865 1336 918 1390 ltoe
933 1344 962 1389 ut
977 1333 1019 1390 lu·

219 1440 279 1485 tura
295 1427 426 1484 nitentur.
443 1426 521 1494 Quod
542 1426 607 1483 licet
620 1442 674 1482 non
689 1426 750 1495 stat,
769 1426 821 1482 nisi
836 1426 960 1482 noluntas
971 1426 1019 1481 ad·

219 1522 273 1577 sit:
292 1530 383 1575 tamen
402 1528 431 1573 ut
454 1519 515 1586 dat,
533 1517 660 1574 noluntas
681 1519 739 1574 sola
756 1534 810 1576 non
825 1518 935 1575 suflicit.
957 1517 1019 1574 ldeo

220 1614 341 1683 probae
363 1626 402 1679 re,
430 1627 478 1668 nec
498 1610 646 1683 superflua,
668 1626 719 1668 nee
741 1610 886 1682 impudens
905 1610 1020 1667 Domino

220 1705 377 1762 immolatur
391 1705 490 1760 oratio.
508 1703 654 1776 Numquid
671 1704 791 1773 stultius,
807 1720 886 1774 apuam
897 1718 976 1759 orare
992 1711 1021 1759 ιιι

222 1799 315 1867 iacias,
330 1797 401 1869 quod
417 1800 444 1853 itt
460 1806 594 1869 potestate
608 1796 725 1853 babeas?

1067 774 1199 845 inltrtttal,
1216 786 1245 833 ut
1259 779 1458 836 illuminatione
1471 790 1498 836 et
1512 782 1658 838 curatione
1672 797 1741 854 opus
1756 783 1873 853 babeat,

1067 882 1121 921 non
1138 868 1173 923 ab
1187 869 1349 941 inculpabili
1372 870 1480 928 artifice
1495 881 1664 931 contractum
1681 884 1740 940 est,
1764 875 1812 931 sed
1832 889 1866 932 ex

1068 958 1197 1030 originali
1208 962 1408 1034 peccatoquod
1426 964 1604 1020 commissum
1620 976 1662 1022 est
1685 966 1770 1023 libero
1789 968 1866 1023 orbi·

1069 1051 1122 1107 trio
1136 1070 1143 1108 :
1157 1067 1189 1108 ae
1204 1068 1252 1124 per
1264 1053 1318 1111 boc
1329 1066 1426 1112 natura
1438 1056 1553 1127 poenalis
1563 1056 1597 1112 ad
1607 1058 1757 1115 uindictam
1770 1059 1867 1131 justit-

1069 1147 1167 1202 simam
1188 1145 1392 1215 pertinacem
1416 1148 1489 1204 euim
1512 1148 1568 1218 iam
1593 1165 1686 1207 sumus
1713 1152 1739 1205 in
1766 1150 1869 1207 cbristo

1070 1253 1135 1292 anon
1145 1244 1265 1292 mentera
1279 1237 1314 1307 (ll
1327 1236 1389 1293 Ger.
1405 1255 1434 1307 r,
1450 1238 1496 1312 lt)
1510 1258 1516 1295 :
1532 1250 1622 1297 tamen
1647 1260 1749 1298 ιιιιιιιιι
1773 1254 1869 1299 aeluro
1927 1267 1929 1271 ⁷

1070 1331 1119 1400 filii
1133 1332 1180 1386 irae
1192 1337 1258 1385 sicut
1272 1341 1297 1386 el
1307 1333 1403 1389 aeteri.
1414 1332 1485 1388 Deus
1499 1343 1586 1389 auton
1596 1336 1640 1403 qui
1651 1336 1722 1391 dites
1732 1346 1769 1393 ert
1779 1338 1806 1392 ia
1821 1338 1872 1391 trti-

1069 1421 1214 1476 serirorrlio
1240 1430 1346 1494 propter
1367 1423 1476 1479 multam
1500 1425 1674 1495 ditectionem,
1699 1445 1750 1498 quo
1776 1429 1870 1484 dilexit

1071 1531 1119 1568 nos
1141 1529 1201 1567 catto
1220 1529 1335 1569 essemus
1358 1516 1455 1571 morlai
1479 1518 1607 1588 peccatis,
1621 1518 1808 1589 conuiuipioooit
1823 1536 1871 1575 nor

1072 1603 1285 1677 cortetomnjna
1313 1607 1400 1678 gratio
1426 1625 1516 1663 sumus
1550 1609 1616 1665 tutati
1653 1613 1727 1682 lorti,
1754 1610 1870 1685 (Epiros.

1072 1713 1106 1765 ιι,
1123 1697 1204 1769 2-5).

1083 1858 1087 1864 Ι
1108 1788 1154 1845 to.
1177 1790 1241 1846 llaec
1255 1788 1264 1829 ¹
1280 1791 1362 1862 igitur
1377 1793 1594 1864 gratiaClrritrti,
1610 1797 1670 1853 sine
1684 1812 1735 1868 quo
1759 1812 1809 1853 nee
1829 1801 1874 1856 ln·

258 1893 303 1950 5¹).
317 1891 376 1960 ianr
398 1906 469 1945 nunc
483 1888 574 1946 ridete
587 1890 659 1960 quod
680 1887 712 1944 ad
729 1903 787 1946 rem
803 1889 923 1944 maxime
938 1889 1022 1958 perti·
1037 1889 1063 1951 Β
1076 1884 1165 1941 lantes
1187 1901 1237 1942 uec
1256 1897 1337 1945 astate
1356 1890 1475 1960 grandes
1494 1892 1563 1949 salvi
1588 1893 1650 1950 lieri
1670 1904 1805 1966 possunt,
1821 1909 1875 1951 non

223 1991 284 2053 net,
299 1981 439 2055 quomodo
456 1980 600 2036 ltumanatn
617 1987 740 2036 naturam
758 1991 896 2051 tamquam
912 1981 1023 2041 omnino

223 2075 283 2132 sine
308 2074 374 2130 uitio
399 2073 453 2129 ulio
477 2075 528 2139 sit,
555 2083 670 2129 curtatur
692 2074 837 2130 ostendere
856 2092 862 2125 ε
879 2082 907 2128 ιι
929 2082 1023 2128 eontra

224 2168 412 2242 apertissimas
423 2166 578 2240 Scripturas
591 2169 637 2224 bei
656 2170 771 2223 luctetur
785 2166 916 2234 sapientia
931 2167 1022 2235 veriti,

224 2278 277 2333 qua
292 2270 437 2318 evacuatur
450 2275 516 2317 ertttt
531 2252 630 2316 Christi
647 2260 672 2332 (l
685 2260 746 2315 Cor.
759 2262 849 2330 1,·17).
870 2259 923 2314 Sed
946 2261 1024 2330 plane

226 2355 271 2410 illa
282 2370 334 2409 non
346 2352 532 2422 evacuabitur,
541 2354 590 2407 ista
601 2354 690 2424 potius
700 2352 832 2422 sapientia
842 2353 1023 2407 srtlrrertetur.

225 2445 292 2501 Natu
309 2463 370 2501 eum
387 2446 438 2500 ltoc
454 2445 665 2515 ostenderimus,
682 2443 769 2499 aderit
785 2442 900 2501 lttrtasse
918 2444 1025 2497 miseri·

226 2539 318 2594 cordia
330 2538 390 2606 Dei,
403 2547 433 2594 ut
442 2548 466 2593 ιι
479 2539 566 2607 ipsum
577 2536 745 2593 benedixisse
754 2538 910 2607 punirent«
924 2535 1025 2602 Pritnn,

227 2632 328 2701 ituptit,
350 2631 386 2687 de
406 2645 439 2686 eo
454 2630 645 2702 disputandum
661 2642 720 2686 est:
737 2630 808 2701 qtutd
824 2644 872 2698 per
886 2638 1027 2699 peceatum

227 2725 370 2782 debilitata
390 2725 491 2780 dicitur
518 2733 546 2779 et
570 2725 710 2779 immutata
734 2731 841 2779 natura.
868 2722 943 2780 Unde
965 2733 1028 2780 ante

227 2819 319 2873 otttuia
335 2818 508 2888 quarendum
526 2825 601 2889 pulo,
616 2816 717 2886 iuquit,
732 2815 797 2887 quaid
813 2815 848 2870 sit
865 2827 1025 2886 peceatum:

228 2913 380 2968 substantia
396 2911 506 2981 aliqua,
528 2926 561 2964 au
576 2908 590 2948 b
604 2910 679 2965 omni
700 2909 851 2967 substantia
871 2924 967 2965 carens
981 2924 1029 2965 no

231 3018 305 3073 meu,
327 3019 381 3078 quo
406 3019 459 3060 uon
481 3018 537 3073 res,
552 3019 607 3058 non
622 3003 778 3069 existentia,
797 3018 850 3057 uon
864 3016 964 3072 eorpus
978 3001 1028 3056 aii·

1076 1980 1180 2035 atteritis
1196 1978 1331 2050 redditur,
1355 1983 1403 2038 sed
1422 1985 1623 2054 gratisdaturr
1637 1989 1833 2059 propterquod
1849 1999 1878 2045 ιι

1076 2070 1163 2140 gratia
1187 2069 1344 2129 continetur
1367 2092 1372 2126 :
1394 2073 1549 2143 iustificati,
1576 2078 1680 2149 inquil,
1706 2080 1806 2151 protis,
1833 2098 1879 2152 per

1076 2166 1232 2237 satagatiaeor
1257 2167 1341 2236 ipsius
1356 2167 1451 2241 (Rom.
1470 2184 1514 2236 ιιι,
1536 2168 1597 2240 lt).
1615 2169 1693 2227 Unde
1715 2171 1743 2227 bi
1762 2174 1808 2244 qui
1824 2189 1877 2230 uon

1078 2272 1126 2328 per
1139 2258 1211 2313 illam
1227 2259 1391 2327 liberantur,
1412 2260 1471 2316 siro
1497 2264 1560 2332 quia
1580 2262 1675 2318 audire
1695 2264 1815 2323 noudum
1831 2280 1879 2336 po·

1078 2360 1199 2418 luerunt,
1212 2353 1271 2408 sire
1286 2353 1348 2423 quia
1360 2352 1472 2410 obedire
1486 2355 1645 2422 noluerunt,
1655 2355 1803 2413 siteetiam
1815 2373 1877 2415 eunt

1078 2458 1127 2514 per
1141 2455 1252 2501 aetatem
1269 2445 1365 2502 audire
1380 2462 1434 2502 non
1461 2459 1591 2518 possent,
1609 2449 1746 2505 lavacrum
1764 2467 1878 2523 regene-

1079 2537 1195 2593 rationis
1212 2536 1284 2609 quod
1299 2538 1426 2611 accipere
1446 2547 1571 2610 possent,
1590 2525 1722 2613 perpuod
1740 2541 1810 2599 salui
1831 2545 1881 2599 lle-

1080 2639 1152 2700 rcut,
1163 2627 1248 2703 628
1258 2646 1311 2686 non
1326 2639 1501 2702 aeceperunt,
1510 2632 1584 2703 juste
1594 2631 1687 2704 utique
1699 2631 1879 2695 damnantur:

1079 2723 1143 2794 quia
1158 2725 1218 2778 sine
1241 2733 1353 2793 peceato
1379 2739 1432 2780 nnn
1455 2733 1531 2792 sunt,
1546 2725 1590 2780 uel
1613 2724 1687 2795 qnod
1708 2725 1880 2796 originaliter

1081 2824 1221 2869 traxerunt
1236 2831 1241 2866 ε
1255 2812 1296 2868 vel
1310 2812 1382 2885 quod
1394 2814 1474 2869 malis
1488 2815 1610 2871 moribus
1625 2814 1799 2874 addiderunt.
1816 2817 1881 2872 Ont-

1081 2923 1127 2963 nes
1143 2906 1211 2960 eninr
1226 2907 1473 2975 procuratoremve
1487 2906 1515 2963 itt
1532 2907 1629 2973 Adam,
1647 2909 1705 2965 sire
1720 2908 1746 2965 itt
1766 2911 1882 2983 seipsis:

1082 3009 1190 3073 etegent
1203 2999 1289 3072 gioria
1300 2996 1349 3053 Dei
1359 2997 1455 3071 (lom,
1465 2999 1523 3070 25).
1610 3048 1616 3056 .

231 3098 316 3170 qrtntl,
332 3097 379 3155 scd
394 3112 537 3170 perperam
552 3095 615 3151 laeti
628 3106 704 3151 aetus
719 3095 912 3166 exprimimus
928 3093 1031 3150 Deinde
1118 3095 1163 3148 ll.
1177 3091 1309 3149 Universa
1325 3094 1407 3165 igitur
1421 3107 1511 3148 massa
1527 3108 1623 3163 poenas
1633 3093 1725 3152 debet.
1738 3095 1773 3151 Ει
1788 3096 1810 3153 si
1825 3111 1885 3159 om·

230 3192 372 3263 adjungit:
387 3209 397 3243 ι
411 3187 501 3246 Credo
517 3189 553 3245 ita
567 3196 618 3244 est.
633 3187 668 3242 Et
683 3188 706 3240 si
726 3187 762 3240 ita
778 3195 831 3253 est,
848 3185 945 3256 inquit,
963 3198 1031 3255 quo·
1085 3184 1167 3241 nibus
1181 3183 1301 3240 debiturn
1323 3184 1505 3240 damnationis
1528 3183 1694 3256 supplicium
1711 3188 1883 3259 redderetur,

232 3283 314 3339 ntotlo
328 3281 416 3354 poluit
429 3280 576 3336 humanam
601 3278 745 3335 debilitare
766 3278 809 3333 t'el
828 3286 933 3332 rttntare
955 3284 1031 3329 natu·
1048 3271 1072 3336 C
1089 3291 1142 3333 tion
1155 3277 1253 3346 injuste
1269 3276 1447 3348 proculdubio
1466 3276 1639 3334 redderetur.
1660 3278 1711 3347 Qui
1730 3294 1795 3351 ergo
1820 3281 1884 3338 iude

231 3390 307 3442 ram,
326 3374 398 3447 quod
412 3374 565 3431 substantia
584 3373 678 3429 caret?
693 3391 703 3425 t
721 3370 833 3437 Videte,
850 3386 954 3440 spumeo,
969 3384 1036 3441 qoo-

233 3465 316 3521 modo
345 3465 470 3522 nesciens
504 3465 606 3520 nitatur
640 3471 763 3519 euertere
782 3462 865 3534 627
885 3461 1035 3517 medicina·

235 3561 302 3615 liunt
340 3559 512 3629 eloquiorum
536 3557 732 3612 saluberrimas
759 3570 840 3610 voees
860 3572 866 3608 :
884 3553 941 3626 Epo
967 3554 1035 3622 disi,

234 3649 360 3719 unusne,
391 3652 511 3704 miserere
537 3650 604 3718 mei,
620 3664 687 3702 sono
707 3646 822 3702 truittmot'
847 3662 948 3713 rrrcnnr,
975 3645 1037 3716 patio

235 3744 340 3811 percuti
368 3742 414 3796 tibi
430 3740 517 3815 (Psoi.
540 3757 584 3806 ιιι,
601 3741 641 3811 5).
672 3739 742 3807 Quid
769 3747 901 3802 sanatur,
917 3737 940 3791 si
969 3736 1035 3792 ttittil

237 3846 281 3891 ιιι
306 3837 502 3904 uulneratum,
525 3834 593 3889 rtiltil
617 3833 791 3898 sauciatum,
814 3830 883 3885 nilnl
912 3829 1036 3884 debilita·

237 3940 294 3984 tum
318 3939 401 3999 atque
425 3927 567 3982 uitiatum?
586 3925 674 3981 Porro
698 3925 722 3980 si
752 3931 794 3979 est
812 3922 885 3994 quoti
913 3932 1035 3991 sanetur,

236 4022 309 4076 tande
320 4021 445 4075 uitiatum
457 4031 498 4075 est
507 4019 518 4072 t
526 4018 611 4074 Audis
623 4014 811 4084 conlitentent,
820 4015 884 4085 qnid
895 4013 1038 4068 desideras

236 4111 444 4183 disputantem?
458 4109 543 4176 Sauo,
567 4109 675 4179 iuquit,
690 4108 807 4161 animum
826 4121 921 4160 utemur.
934 4105 976 4160 ao
991 4102 1038 4158 illo

236 4221 330 4276 qtrare
345 4205 418 4261 unde
433 4205 556 4259 uitiatum
571 4203 626 4270 sit,
638 4202 710 4272 quod
723 4201 815 4256 sanari
827 4208 905 4269 rugat
916 4214 923 4250 ε
933 4206 961 4254 et
973 4196 1038 4252 audi

238 4297 309 4368 quod
324 4297 448 4367 sequitur
461 4311 468 4348 a
479 4295 602 4365 proraiam
615 4292 715 4363 peccaui
729 4291 786 4345 tibi.
799 4289 878 4346 liutto
891 4290 942 4344 iste
955 4290 1039 4344 inler-

239 4398 328 4461 ruget,
344 4389 378 4443 ab
394 4389 446 4443 isto
462 4396 583 4458 quaerat,
602 4384 674 4456 quod
698 4386 876 4456 qtrmrendutn
900 4390 997 4452 putat,
1012 4391 1040 4436 et

239 4481 312 4537 dieat
322 4499 328 4533 :
340 4483 363 4536 0
377 4490 416 4549 tu,
429 4480 476 4551 qui
491 4482 678 4544 eiantas‚suno
690 4480 806 4531 uariatum
816 4475 1039 4544 meditamentum

240 4576 353 4646 ριιιιιί,
379 4575 442 4644 prtid
468 4584 507 4629 est
528 4572 683 4645 peceatum?
706 4571 866 4627 Substantia
881 4569 988 4638 aliqua,
1005 4581 1038 4622 att

1089 3371 1260 3441 pergratiam
1273 3369 1425 3425 liberantur
1436 3386 1443 3424 ι
1453 3385 1506 3426 ιιι
1517 3373 1747 3426 rasameritorunt
1761 3389 1885 3443 suorum,

1087 3464 1135 3521 sed
1151 3478 1215 3519 t’asa
1228 3463 1427 3519 tttiserienrdiae
1439 3462 1717 3534 nontinatttur.Cujtts
1731 3466 1888 3522 inisericor-

1087 3556 1221 3612 utuinisi
1251 3555 1325 3610 iliius
1339 3556 1384 3626 qui
1405 3553 1538 3611 Citrirtrtm
1558 3554 1649 3611 lerum
1671 3557 1742 3610 mt'ait
1765 3558 1791 3613 r‘rt
1817 3558 1888 3615 lrutrc

1088 3649 1212 3702 moratium
1226 3657 1374 3717 peccatores
1388 3650 1473 3703 soloas
1485 3652 1574 3719 [orere
1585 3647 1612 3719 (i
1626 3647 1697 3704 Tiar.
1714 3665 1739 3717 1,
1752 3650 1812 3720 lt),
1825 3667 1890 3723 quos

1088 3743 1216 3814 prescivit
1232 3751 1255 3795 ιι
1281 3741 1491 3813 praedestinavit,
1509 3752 1532 3796 et
1545 3743 1660 3808 traconit,
1677 3755 1701 3796 ιι
1709 3743 1886 3813 justificavit,

1088 3844 1111 3887 ιι
1126 3832 1283 3905 glorificavit
1298 3833 1395 3899 (Rom.
1412 3848 1469 3899 rur,
1485 3831 1532 3899 29,
1546 3831 1609 3902 sd).
1625 3831 1693 3901 Quis
1709 3833 1790 3903 igitur
1803 3849 1890 3907 usqne

1088 3925 1157 3981 adeo
1172 3916 1377 3981 deruentis'slnte
1395 3924 1530 3989 insaniat,
1546 3931 1574 3978 nt
1588 3939 1641 3979 nou
1660 3934 1723 3994 agat
1735 3924 1890 3983 itteliabiles

1089 4017 1190 4090 gratias
1213 4015 1420 4084 misericordiae,
1443 4031 1511 4087 qttos
1531 4016 1637 4082 voluit,
1662 4016 1825 4089 liberantis,
1842 4017 1889 4089 qui

1088 4117 1164 4165 recte
1179 4109 1253 4164 nullo
1276 4108 1357 4166 modu
1380 4118 1493 4179 possent
1516 4108 1627 4179 culpare
1651 4109 1805 4181 justitiam,
1821 4111 1886 4167 uui·

1089 4216 1186 4257 uersos
1200 4200 1314 4256 onutino
1328 4199 1500 4255 durinnands:
1517 4200 1574 4256 lloc
1598 4201 1620 4256 si
1645 4200 1796 4257 secundum
1818 4200 1893 4259 Seri-

1090 4306 1185 4368 pluras
1206 4296 1356 4365 sapiamus,
1374 4310 1427 4349 non
1449 4296 1573 4366 eogintur
1594 4303 1690 4351 eontra
1708 4294 1892 4351 Christianam

1090 4387 1206 4460 gratiam
1220 4386 1373 4457 disputare.
1390 4395 1419 4440 et
1429 4400 1461 4441 ea
1472 4385 1575 4451 dicero,
1590 4387 1689 4456 quibus
1699 4387 1893 4442 demonstrare

1091 4494 1223 4535 conemur
1247 4491 1372 4533 naturam
1388 4477 1532 4532 lrutnanant
1548 4493 1635 4550 neque
1651 4481 1677 4534 in
1694 4479 1815 4550 paruulis
1831 4494 1883 4535 nte

1092 4571 1154 4627 dico
1169 4570 1311 4642 indigere,
1339 4568 1402 4638 quia
1420 4583 1484 4623 sana
1506 4579 1563 4635 est,
1592 4579 1619 4625 ct
1634 4571 1660 4624 in
1678 4569 1827 4640 majoribus
1842 4569 1908 4626 siiti'

240 4669 315 4724 onmi
332 4668 484 4722 substantia
509 4680 607 4721 carens
631 4680 741 4730 numen,
758 4678 814 4733 quo
838 4677 892 4717 non
910 4676 968 4726 res,
985 4675 1038 4714 non
1055 4649 1080 4709 D
1095 4667 1181 4738 ipsam
1197 4663 1231 4720 ad
1249 4660 1384 4732 justitiam
1407 4663 1430 4716 si
1446 4662 1527 4726 uelit,
1552 4677 1632 4734 posse
1653 4662 1791 4719 sullleore.
1807 4665 1894 4721 derare

241 4761 404 4828 existentia,
423 4775 476 4813 ιιοιι
494 4774 593 4828 carptus
608 4758 736 4827 aliquod,
753 4756 803 4813 sed
823 4768 928 4811 tantum
943 4768 1043 4823 perpe-

242 4868 300 4908 ram
314 4853 378 4907 laeti
390 4860 468 4906 aetus
480 4852 658 4921 exprimitur?
670 4850 823 4921 ltnspondit
838 4851 903 4904 illo:
918 4866 927 4898 t
940 4848 976 4904 lta
989 4855 1041 4917 est,

242 4957 271 5002 ut
285 4947 364 5002 dieis.
383 4947 440 5001 Non
464 4954 506 5002 est
528 4955 670 5017 peecatum
692 4947 782 5015 aliqua
804 4946 977 5010 substantia,
994 4946 1040 5001 sed

243 5041 1038 5112 tartttnnltuenomineperperantlaeliactusexprimitur.»

244 5136 279 5191 Et
291 5146 384 5193 eontra
399 5140 461 5193 isle.
470 5138 539 5206 Quid
552 5154 617 5209 ergo
629 5138 741 5203 clamas,
755 5150 820 5193 sotto
831 5135 945 5189 ttttt'tttttttt
958 5152 1041 5190 aream

243 5232 367 5300 guertium
381 5233 486 5301 peccori
505 5232 550 5287 tibi
559 5234 571 5286 ἱ)
585 5235 728 5301 Quomodo
745 5238 832 5306 potuit
845 5237 935 5293 uitiari
949 5242 1040 5296 attima

246 5323 334 5393 tuat-⁶
349 5325 454 5380 bledico
478 5324 604 5397 indiget:
624 5328 687 5398 qnia
710 5344 777 5385 sana
801 5343 855 5389 non
879 5343 931 5390 est.
947 5331 1043 5390 Omnia

282 5474 295 5500 ι
310 5463 361 5517 ott.
380 5471 405 5517 et
419 5459 559 5532 Galland.,
575 5464 730 5533 inser-amur.

283 5535 296 5573 ¹·
311 5534 362 5589 tto.
380 5532 558 5601 camillano,
575 5536 682 5589 omniun
694 5536 848 5596 susbstantia.

285 5604 377 5659 ‘Uace
399 5618 431 5656 et
454 5604 538 5659 citato
560 5607 706 5676 Augustini
729 5609 799 5665 irltro
821 5628 881 5684 cap.
898 5617 925 5681 5,
942 5633 1002 5683 pram
1017 5625 1047 5672 ut

248 5676 469 5749 praecedentibus
484 5681 658 5741 consociaret
681 5690 837 5753 excerptor,
850 5686 1047 5757 Augustiniana

248 5749 400 5805 contraxit.
418 5747 464 5798 se
482 5751 554 5800 enim
577 5748 607 5804 S.
638 5748 739 5807 Ductor
762 5753 812 5808 sub
830 5760 908 5812 linem
925 5774 985 5827 cap.
1003 5759 1048 5825 lo,

249 5819 382 5892 quaerundo
393 5818 475 5886 potuit
488 5820 579 5872 citiore
592 5821 707 5875 unitarum
721 5831 808 5890 trrorrr,
820 5829 890 5897 qnod
904 5830 1051 5885 gaumaurra

253 5901 323 5947 araret
336 5890 348 5942 l
361 5890 500 5948 tintcum.

1096 4763 1146 4833 ipsi
1161 4761 1289 4816 vitientur
1315 4757 1374 4813 bac
1399 4756 1514 4812 dicere:
1534 4757 1582 4812 sed
1606 4758 1777 4829 iocupletatio
1795 4756 1895 4825 Varii,

1094 4870 1147 4924 quo
1165 4862 1302 4908 ιιιιιιιιιιι
1325 4866 1390 4905 erras
1416 4849 1515 4904 Ultrirlr'
1534 4848 1559 4919 (i
1576 4847 1636 4903 Cor.
1655 4865 1682 4915 ι,
1698 4848 1754 4920 lt).
1781 4847 1843 4904 Non
1856 4859 1894 4905 etl

1095 4949 1146 5000 islo
1169 4947 1297 5018 snpientia
1326 4946 1463 4998 desttrsutrt
1486 4943 1643 4997 derrertdctrs
1659 4939 1739 5012 (lor.
1757 4958 1803 5008 ιιι,
1828 4942 1894 5014 l5).

1097 5042 1163 5096 ann
1177 5040 1248 5111 qrtod
1268 5039 1392 5108 sequitur
1410 5038 1519 5103 dicere,
1544 5053 1578 5092 ne
1599 5036 1695 5092 auticis
1711 5038 1813 5091 nostris
1826 5051 1897 5108 quo·

1097 5153 1155 5194 runt
1167 5135 1316 5190 l'ortissima
1332 5142 1359 5188 et
1370 5145 1382 5182 tt
1394 5133 1532 5189 acerrima
1545 5132 1667 5201 ingenia,
1680 5145 1732 5186 non
1746 5131 1771 5185 in
1787 5147 1898 5202 proruer-

1097 5247 1168 5296 sum,
1184 5229 1233 5286 sed
1250 5230 1276 5285 in
1293 5231 1428 5286 direetutn
1448 5239 1560 5283 currere
1582 5224 1719 5294 rttlutuus,
1736 5224 1826 5281 lacere
1839 5226 1898 5280 eui·

1099 5328 1242 5383 stinteutur
1253 5323 1391 5397 injuriant.

1134 5468 1147 5507 ⁴¹
1166 5467 1218 5523 ott.
1232 5473 1258 5518 et
1272 5458 1412 5525 Galland.,
1428 5455 1557 5511 sensibus.

1136 5551 1147 5578 s
1165 5538 1217 5592 BB.
1234 5530 1377 5602 legendnm
1393 5527 1440 5584 etri
1453 5526 1612 5596 eottjicittnt.
1629 5525 1767 5582 Gtucaan.

1139 5610 1147 5648 t
1166 5609 1204 5663 lta
1217 5606 1357 5662 Sultntms.
1375 5601 1427 5656 lto.
1445 5606 1474 5654 et
1488 5597 1626 5664 Gallaud„
1645 5593 1708 5651 line
1720 5602 1815 5648 nartem.
1850 5663 1855 5674 Ι
1879 5663 1884 5675 Ι

1138 5692 1150 5730 ι
1166 5677 1318 5736 Ueierriuro.
1334 5675 1379 5728 Sic
1393 5672 1445 5727 tto.
1460 5670 1527 5740 Qum
1550 5666 1659 5740 quidem
1681 5665 1761 5721 lectio
1779 5671 1900 5721 coucmtt

1105 5772 1166 5813 eunt
1179 5756 1250 5818 serp,
1267 5759 1380 5799 currere.
1399 5747 1432 5797 dt
1448 5741 1555 5798 Scitotl.
1571 5750 1598 5794 et
1613 5737 1808 5807 llaretcanrp.,
1824 5750 1899 5791 aroer·

1104 5831 1182 5884 rinro.
1197 5822 1338 5877 cinnano.
