4192 6434
455 352 586 410 1071

1857 347 2066 405 PAULI
2104 346 2331 406 OROSH

3621 348 3764 407 {ou

447 463 734 521 Philonem
759 461 1071 533 quemdam,
1094 461 1273 518 virum
1292 474 1425 517 sane
1458 462 1511 515 in
1537 459 1728 529 primis
1748 460 2048 529 eruditum,
2079 464 2135 527 A
2159 462 2360 519 nebant
2383 461 2544 516 morti
2577 458 2989 516 destinatorum.
3032 457 3253 515 Inventa
3296 468 3382 516 est
3422 467 3477 516 et
3502 473 3631 518 arca
3677 460 3760 517 in·

449 557 687 628 legatum
702 556 769 612 ad
795 554 1068 613 Caesarem
1087 556 1107 586 ⁷
1124 555 1409 609 miserunt.
1429 553 1535 611 Sed
1550 552 1792 624 Caligula
1816 569 1937 609 cum
1954 568 2063 608 om-

450 630 944 704 nibusbominibus
961 688 976 713 ,
1007 656 1117 703 tum
1143 646 1416 716 praecipue
1434 645 1636 702 Judaeis
1658 645 2058 711 infestissimus,

448 740 473 772 ⁸
499 750 681 812 spreta
710 743 978 812 legatione
1011 740 1275 808 Philonis,
1301 754 1494 796 omnes
1515 737 1543 794 J
1554 738 1833 794 udoeornm
1874 752 2060 793 sacras

448 832 620 900 aedeS,
640 842 804 906 atque
825 835 877 889 in
895 833 1081 904 primis
1095 833 1377 904 antiquum
1393 832 1558 888 illud⁹
1572 831 1960 902 Hierosolymis
1980 845 2060 885 sa·

448 928 684 986 crarium
700 928 864 1003 465
880 928 1150 999 profanari
1166 926 1447 983 sacrificiis
1464 926 1768 998 gentilium,
1783 941 1844 980 ac
1861 924 2056 995 repleri

447 1022 644 1078 statuis
672 1022 1094 1092 simulacrisque
1123 1022 1413 1093 imperavit
1439 1063 1454 1085 ,
1494 1036 1663 1093 seque
1694 1020 1766 1075 ibi
1802 1029 1858 1074 ut
1884 1020 2053 1076 Deum

443 1115 552 1172 coli
585 1117 863 1187 praecepit.
902 1117 945 1147 ¹⁰
976 1116 1180 1173 Pilatus
1208 1124 1392 1172 autem
1431 1130 1664 1186 praeseS,
1712 1115 1804 1185 qui
1834 1122 2055 1170 sentcn-

447 1207 576 1263 tiam
601 1208 970 1263 damnationis
992 1207 1045 1262 in
1063 1208 1339 1263 Christum
1364 1208 1599 1275 dixerat,
1629 1214 1911 1277 postquam
1939 1205 2052 1275 plu-

443 1299 614 1356 rimas
650 1299 948 1356 seditiones
991 1301 1042 1355 in
1074 1299 1468 1371 Hierosolymis
1495 1298 1744 1369 excepit,
1796 1313 1858 1353 ac
1899 1297 2047 1361 lecit,

444 1393 613 1449 tantis
661 1393 934 1465 irrogante
965 1394 1097 1449 Caio
1138 1395 1435 1465 angoribus
1480 1403 1790 1449 coarctatus
1820 1401 1935 1455 est,
1995 1400 2051 1444 ut

440 1499 544 1541 sua
576 1499 637 1542 se
668 1487 1119 1542 transverberans
1145 1502 1331 1551 manu,
1367 1487 1634 1541 malornm
1662 1483 2046 1555 compendium

437 1577 637 1633 mortis
665 1576 948 1633 celeritate
974 1579 1280 1649 quaesierit.
1330 1576 1490 1634 Caius
1519 1576 1762 1649 Caligula
1804 1575 2047 1631 iibidini-

2166 568 2301 625 gens
2326 551 2599 609 variorum
2628 552 2670 584 ¹¹
2700 567 3034 608 venenorum
3064 553 3256 623 pocula
3284 552 3602 619 continens,
3644 555 3763 623 qni·

2167 646 2267 700 bus
2297 662 2445 710 mox,
2477 643 2703 700 Claudio
2730 644 2944 701 Caesare
2964 645 3221 714 jubente,
3257 646 3300 676 ¹³
3338 644 3646 713 demersis,
3680 644 3764 700 in-

2163 736 2300 793 secta
2325 737 2494 793 maria
2513 737 2799 791 traduntur
2821 753 2924 790 non
2955 737 3072 792 sinc
3095 751 3292 808 magno
3316 736 3546 808 piscium
3569 736 3758 804 exitio,

2162 845 2298 901 quos
2328 840 2584 886 enecatos
2613 845 2709 900 per
2739 830 2982 899 proxima
3008 829 3187 885 littora
3219 829 3419 900 passim
3447 839 3620 887 aestus
3647 829 3761 901 eje·

2159 923 2252 977 eit.
2281 923 2326 954 ¹⁶
2347 921 2596 992 Magnum
2621 936 2815 976 revera
2841 921 3099 977 indicium
3125 923 3443 977 miserantis
3460 922 3585 989 Dei,
3600 938 3759 994 prop-

2161 1024 2244 1071 ter
2273 1013 2586 1085 suffragium
2616 1014 2807 1085 gratiae
2839 1013 2892 1068 in
2922 1014 3183 1084 populum
3213 1016 3479 1071 continuo
3509 1031 3579 1072 ex
3606 1026 3757 1087 parte

2157 1106 2491 1163 crediturum
2518 1148 2532 1170 ,
2580 1116 2636 1160 et
2660 1115 2883 1176 propter
2913 1107 3008 1161 irae
3034 1096 3531 1177 temperamentum
3576 1111 3629 1166 in
3664 1126 3758 1182 po·

2160 1200 2339 1265 pulum
2375 1210 2501 1254 tunc
2531 1199 2819 1253 inlidelitcr
2848 1199 3220 1265 obstinatum3
3272 1213 3331 1255 ut
3372 1214 3575 1272 quanta
3620 1204 3753 1259 mui-

2157 1293 2331 1348 titudo
2375 1290 2652 1346 hominnm
2698 1302 3057 1361 praeparatam
3102 1302 3331 1348 mortem
3374 1297 3649 1360 evaserit,
3692 1312 3753 1351 ex

2155 1387 2504 1444 multitudine
2527 1386 2942 1444 interfectorum
2962 1391 3191 1460 piscium
3215 1390 3553 1448 disceretur:
3578 1396 3754 1447 omni-

2154 1482 2361 1552 busque
2391 1483 2431 1512 ¹'¹
2463 1482 2856 1547 innotesceret,
2889 1483 3019 1552 quid
3045 1492 3191 1539 tanta
3213 1485 3410 1540 veneni
3440 1485 3617 1540 moles
3643 1494 3755 1541 arte

2151 1585 2330 1643 aucta,
2364 1591 2524 1647 agere
2554 1575 2608 1631 in
2639 1577 2837 1632 misera
2865 1576 3088 1633 civitate
3112 1579 3408 1650 potuisset:
3428 1592 3554 1650 quae
3578 1578 3751 1651 negli-

440 1668 545 1725 hus
574 1670 691 1725 snis
735 1669 897 1724 etiam
947 1670 1077 1726 illud
1116 1671 1342 1726 sceleris
1373 1670 1605 1740 adjecit,
1654 1672 1692 1702 ¹¹
1729 1678 1787 1725 ut
1825 1682 2047 1724 sorores
2149 1680 2344 1740 genter
2369 1669 2563 1735 effusa,
2595 1670 2755 1727 etiam
2778 1671 2950 1726 maria
2976 1673 3242 1744 eorrupit.

438 1777 569 1820 suas
596 1763 829 1834 primum
852 1772 1041 1834 stnprn
1059 1764 1349 1835 pollueret,
1367 1764 1565 1821 deinde
1590 1764 1794 1820 exsilio
1815 1763 2044 1819 damna-

2769 1785 2997 1843 CAPUT
3038 1786 3129 1842 Vi.

435 1866 562 1912 ret:
590 1856 677 1926 qui
705 1865 850 1927 post,
896 1858 936 1888 ¹¹
963 1872 1151 1912 omnes
1194 1857 1352 1912 simni
1385 1857 1600 1913 exsules
1635 1857 1798 1928 juissit
1846 1855 2041 1912 occidi.
2078 1846 2126 1907 B
2152 1876 2365 1934 claudii
2396 1878 2588 1934 Tiberi,-
2621 1877 2841 1934 θωπί.
2866 1879 2970 1932 υῑω
3001 1889 3048 1933 et
3077 1895 3157 1933 m
3175 1888 3352 1951 qaue,
3379 1888 3432 1935 e,
3452 1882 3751 1953 magifflm

434 1943 561 2017 lpse
590 1955 770 2001 antem
800 1962 828 1999 a
860 1949 977 2001 snis
1006 1948 1415 2016 protectoribus
1440 1948 1658 2003 occisus
1680 1956 1786 2003 est.
1827 1947 1945 2004 Duo
1975 1947 2041 2002 li-

435 2039 570 2096 belli
602 2040 644 2072 ¹⁸
674 2043 726 2095 in
760 2041 987 2096 secretis
1012 2040 1178 2113 466
1207 2041 1324 2110 ejus
1357 2042 1563 2111 reperti
1597 2052 1756 2109 sunt,
1809 2055 2039 2112 quorum

438 2130 598 2187 alteri
629 2130 813 2202 pugio,
847 2130 1004 2187 alteri
1035 2132 1247 2203 gladius
1279 2148 1378 2203 pro
1404 2133 1561 2203 signo
1590 2133 1796 2187 nomini
1826 2135 2037 2205 ascrip-

439 2231 555 2281 tum
601 2233 756 2281 crat:
809 2225 973 2281 ambo
1013 2225 1436 2282 lectissimorum
1480 2228 1716 2283 virorum
1756 2227 2038 2299 utriusque

436 2317 644 2376 ordinis
672 2318 931 2374 senatorii
954 2327 1006 2373 et
1040 2318 1309 2390 equestris
1339 2318 1556 2374 nomina
1585 2328 1640 2375 et
1665 2327 1819 2376 notas
1849 2320 2029 2376 conti-

2236 1962 2243 1971 ·
2640 1948 2737 2003 snb
2767 1965 2825 2004 eo
2855 1950 3018 2020 [antes
3047 1949 3248 2005 Rontoe.

2224 2043 2381 2097 Anno
2422 2041 2491 2096 ab
2523 2040 2671 2096 Urbe
2710 2040 2926 2096 condita
2967 2056 3193 2110 nccxcv,
3239 2042 3255 2073 ¹
3290 2041 3553 2100 Tiberius
3591 2044 3747 2101 Clau-

2150 2137 2295 2205 dius,
2325 2137 2393 2191 ab
2412 2142 2654 2209 Augusto
2682 2146 2931 2208 quartus,
2953 2152 3177 2208 regnum
3202 2136 3434 2209 adeptus
3453 2146 3576 2194 est:
3604 2153 3743 2194 man·

2149 2230 2327 2297 sitque
2358 2229 2411 2284 in
2452 2244 2518 2284 eo
2546 2229 2706 2284 annis
2733 2228 3196 2301 quartuordecim.
3241 2231 3261 2261 ¹
3304 2229 3551 2287 Exordio
3598 2231 3737 2303 regni

2143 2324 2260 2395 ejus
2298 2323 2492 2380 Petrus
2517 2368 2532 2393 ,
2581 2323 2861 2394 apostolus
2890 2324 2912 2355 ³
2944 2323 3160 2379 Domini
3209 2323 3383 2380 nostri
3426 2322 3597 2398 467
3628 2323 3743 2382 Jesu

1738 2461 2185 2520 tlAvERcAMm
2223 2463 2456 2522 NoTAE.

506 2557 561 2611 ⁸1.
605 2556 880 2612 Miserunt.
923 2556 1162 2612 Florent.
1191 2556 1321 2624 duo,
1349 2559 1617 2613 ntiserant.

502 2628 559 2685 8.
623 2629 812 2701 Spreta
862 2626 1116 2700 leyationc
1164 2627 1422 2684 Philonis.
1484 2630 1563 2685 De
1609 2628 1712 2684 hac
1761 2629 2031 2700 legatione

431 2698 638 2757 Euseb.
676 2698 770 2754 lib.
809 2714 877 2766 n,
922 2713 1043 2766 cap.
1076 2696 1141 2765 5,
1191 2698 1461 2770 Josepbus
1493 2700 1587 2754 lib.
1635 2714 1724 2754 vin
1766 2699 1951 2770 Antiq.
1979 2715 2027 2754 c.

436 2770 558 2896 1⁰2⁶).
599 2770 1107 2912 ginaierosolymis.
1150 2841 1320 2898 Abest
1341 2858 1449 2929 ’vox
1492 2843 1641 2911 prior
1680 2856 1709 2896 a
1737 2842 1861 2897 cod.
1903 2841 2028 2897 Flo·

432 2920 847 3039 ΙἬ11)..51ξ’(11ιιιιι.ς
891 2994 1081 3038 antem.
1133 2982 1342 3038 Pilatus
1380 3000 1521 3038 atino
1552 2983 1791 3039 secundo
1819 2983 2028 3050 imperii

430 3053 692 3124 Caligulae
715 3053 816 3108 sibi
845 3070 1037 3110 manus
1069 3055 1242 3109 intulit
1272 3097 1287 3120 ,
1335 3054 1692 3111 Cassiodorus
1718 3098 1733 3121 ,
1784 3064 1840 3111 et
1867 3056 2032 3110 Euse-

437 3124 582 3182 bius.
625 3125 790 3180 Fasti.

504 3197 594 3253 11.
625 3195 696 3251 Ut
713 3211 914 3251 soreres
937 3214 1080 3252 suas.
1108 3196 1276 3252 Lu‘rd.
1295 3197 1411 3253 Bat.
1428 3206 1550 3254 tert.
1578 3213 1703 3253 cum
1731 3198 1864 3254 Coll.
1891 3197 2032 3254 Grn-

431 3281 588 3338 nov„
615 3276 668 3322 nt
690 3277 736 3321 et
756 3284 957 3324 sorores
977 3286 1120 3324 snas.
1150 3240 1265 3323 lissx
1291 3267 1536 3341 polluerit
1556 3275 1606 3324 ct
1627 3267 1891 3324 destinarit
1910 3269 2034 3325 cdd.
2066 3260 2115 3325 C

2140 2557 2390 2628 quaedam
2421 2567 2558 2615 vett.
2606 2557 2834 2613 Nomina
2860 2570 3141 2626 sororum,
3184 2571 3307 2627 quae
3333 2564 3392 2613 et
3419 2556 3474 2612 in
3508 2557 3743 2627 pluribus

2143 2628 2304 2684 bodie
2333 2629 2453 2697 eius
2489 2629 2832 2700 imperatoris
2879 2627 3116 2683 nummis
3145 2635 3487 2698 supersunt,
3536 2629 3744 2686 suerunt

2144 2699 2409 2764 Drusilla,
2444 2698 2613 2762 Julia,
2647 2699 2962 2770 Agrippina.
3002 2698 3124 2754 Vidi
3154 2698 3429 2769 quondam
3474 2702 3528 2755 in
3561 2715 3740 2757 museo

2142 2769 2452 2827 Marckiano
2478 2770 2856 2826 Medallionem
2884 2817 2899 2838 ,
2948 2769 3189 2833 pondere
3219 2770 3492 2841 insignem
3520 2813 3535 2834 ,
3585 2780 3741 2841 atque

2138 2851 2256 2897 arte
2276 2842 2561 2912 singulari,
2586 2843 2765 2911 inquo
2783 2858 2880 2911 pro
2899 2840 3083 2897 lvbtA
3103 2840 3381 2909 sculptum
3402 2852 3525 2898 erat
3542 2842 3740 2899 uvis.

2138 2910 2245 2969 Sed
2277 2923 2334 2968 et
2362 2913 2465 2968 boc
2507 2912 2771 2978 maxime,
2804 2920 2861 2969 et
2885 2912 2990 2968 alia
3022 2927 3129 2967 non
3166 2926 3335 2981 pauca
3357 2953 3373 2978 ‚
3408 2922 3735 2984 suspectum,

2142 2985 2333 3054 ingens
2361 2984 2499 3040 alias
2526 2983 2894 3055 magnitudine
2922 2991 2980 3038 et
3005 2982 3279 3039 densitate
3308 2985 3583 3040 numisma
3606 2984 3741 3043 fece-

2143 3066 2290 3110 runt.
2331 3055 2603 3111 Distracto
2633 3070 2824 3111 museo
2863 3055 2914 3109 in
2959 3053 3309 3110 Brabantiam
3340 3064 3593 3112 avectum
3623 3056 3736 3123 fuit,

2143 3133 2329 3252 tyflun'i
2369 3137 2528 3181 antea
2558 3141 2912 3196 exceperam,
2950 3126 3177 3197 ejusque
3210 3126 3423 3197 pictura
3452 3136 3509 3184 et
3536 3127 3734 3200 magni-

2145 3204 2203 3253 tu
2243 3212 2277 3253 o
2324 3212 2420 3253 nec
2452 3206 2563 3253 est:

2386 3658 2390 3662 Α
2435 3631 2438 3634 .
2474 3642 2486 3658 Ι,
2498 3628 2514 3650 3
2522 3610 2538 3634 :t
2574 3614 2582 3622 ‘

2334 3686 2354 3706 .-
2378 3658 2458 3722 Ἡ
2486 3662 2534 3730 tii
2550 3670 2766 3734 timenti
2790 3666 2982 3738 Mean

2334 3750 2354 3766 ,Ἴ
2718 3758 2726 3762 .

512 4820 600 4875 12.
629 4817 818 4873 Omnes
842 4818 998 4873 simul
1027 4818 1229 4872 exsules
1246 4819 1408 4887 jnssit
1441 4818 1630 4873 occidi.
1660 4817 1945 4874 Rationem
1980 4818 2033 4873 in
2062 4819 2116 4880 Ι)
2213 4818 2297 4874 15,
2345 4816 2629 4873 Demersis.
2659 4817 2796 4875 Cod.
2829 4817 3110 4885 Perizon„
3139 4820 3343 4875 mersis.

439 4887 565 4946 Vita
591 4889 711 4959 ejus
732 4903 852 4957 cap.
878 4888 950 4945 28
978 4887 1128 4942 addit
1145 4888 1438 4945 Suetonius
1464 4907 1475 4940 z
1507 4888 1817 4944 Revocatnm
1855 4905 2033 4959 quem-

441 4958 565 5014 dam
619 4977 651 5013 a
697 4968 860 5015 vetere
889 4960 1072 5014 exsilio
1099 4959 1417 5025 sciscitatus,
1454 4958 1704 5030 quidnam
1745 4960 1816 5014 ibi
1863 4961 2035 5031 faeere

437 5040 758 5097 consuesset,
809 5030 1153 5100 respondente
1206 5047 1263 5085 eo
1297 5047 1408 5100 per
1461 5029 1857 5097 adulationem,
1911 5031 2034 5087 deos

436 5116 636 5174 seniper
666 5103 838 5166 oravi,
870 5111 958 5166 nt,
990 5103 1128 5172 qnod
1175 5103 1369 5168 evenit,
1430 5101 1620 5171 periret
1649 5099 1885 5156 Tiberius
1913 5144 1927 5169 ,
1982 5111 2036 5156 et

438 5179 497 5226 ω
521 5173 801 5243 imperares
828 5173 1089 5239 :opinans
1112 5214 1127 5237 ,
1149 5171 1247 5226 sibi
1287 5187 1489 5242 quoque
1518 5171 1720 5228 exsules
1745 5189 1866 5228 snos
1897 5189 2035 5227 mor·

437 5251 540 5299 tem
585 5243 887 5308 irrupi-ecurt,
943 5244 1080 5297 misit
1123 5243 1314 5299 circum
1363 5241 1595 5312 insulas,
1648 5244 1733 5314 qni
1769 5243 2032 5300 universos

438 5314 881 5370 contrucidarent.

433 5400 491 5455 54,-
508 5386 598 5441 13.
629 5385 696 5440 In
711 5385 937 5439 secretis.
972 5385 1110 5441 (loll.
1142 5385 1350 5454 Gron.,
1379 5387 1434 5440 in
1458 5394 1675 5442 secreto.

507 5455 598 5512 14.
641 5455 967 5511 Veneriorum
997 5457 1183 5526 pocula
1211 5458 1504 5512 continens.
1564 5457 1682 5512 Duo
1713 5455 1832 5512 baec
1860 5456 2030 5512 verba

435 5526 739 5597 posteriora
767 5570 781 5594 ,
816 5526 873 5580 in
904 5541 1010 5581 uno
1043 5526 1247 5582 Veneto
1277 5527 1369 5584 lib.
1401 5537 1558 5583 erant
1580 5569 1594 5589 ,
1646 5527 2033 5584 desiderantur

434 5606 617 5654 autem
649 5598 702 5652 in
731 5596 937 5653 omnib.
980 5597 1153 5653 Lacr.
1173 5627 1243 5638 --
1265 5597 1453 5668 lnepte
1478 5609 1657 5654 tamen
1687 5597 1890 5653 dictum
1922 5606 2023 5653 est.

436 5667 659 5726 Venena
689 5669 831 5725 enim
863 5684 1027 5739 pura,
1076 5667 1318 5723 nondum
1347 5668 1511 5723 mixta
1538 5711 1552 5734 ,
1601 5679 1774 5723 crant.
1828 5670 1940 5739 Ego
1973 5668 2026 5722 in

435 5739 603 5796 nullis
631 5754 761 5794 mss.
811 5738 1013 5794 inveni.
1063 5739 1289 5793 Sueten.
1319 5737 1375 5793 in
1408 5737 1578 5806 Calig.
1607 5751 1729 5809 cap.
1761 5739 1833 5793 tt)
1865 5756 1877 5791 ι
1927 5738 2024 5793 In-

427 5820 582 5866 venta
608 5819 657 5863 et
684 5825 804 5864 arca
831 5811 1042 5879 inqens,
1089 5810 1350 5863 variorum
1386 5824 1695 5863 venenorum
1735 5808 1890 5879 plena
1913 5826 1932 5863 .·
1972 5816 2027 5867 et

439 5878 520 5938 sie
546 5878 713 5938 etiam
745 5881 881 5936 torte
910 5880 1130 5950 scripsit
1157 5880 1402 5937 orosius

2218 4890 2306 4945 16.
2347 4888 2601 4961 Maynum
2626 4905 2822 4945 revera.
2873 4887 2951 4945 lta
2980 4892 3198 4959 reposui
3228 4905 3352 4946 cum
3390 4901 3524 4944 mss.
3553 4894 3611 4944 et
3634 4885 3718 4943 ed.

2141 4961 2280 5032 Aug.
2313 4969 2472 5031 atque
2499 4962 2718 5028 Scotti.;
2741 4960 2923 5032 vulgg.
2957 4961 3186 5032 reliqui,
3216 4975 3469 5032 magnum
3494 4974 3632 5017 sero.

2215 5032 2301 5087 17.
2334 5030 2707 5088 Innotesceret.
2737 5033 2830 5088 Sic
2861 5046 2994 5088 mss.
3021 5048 3036 5097 ;
3068 5042 3348 5089 notesceret
3376 5032 3432 5084 in
3465 5028 3641 5100 vulgg.
3720 5062 3725 5075 ·

2213 5102 2340 5159 civ.
2375 5102 2463 5158 Vl.
2493 5133 2565 5144 -
2587 5107 2638 5160 1.
2672 5103 2903 5159 Tiberius
2933 5101 3207 5158 Claudius.
3242 5102 3321 5159 De
3360 5099 3597 5158 Claudio
3618 5098 3729 5156 Cae-

2141 5186 2297 5235 sare.
2333 5173 2661 5241 Suetonius,
2701 5175 2797 5229 Dio
2822 5215 2838 5241 ,
2872 5174 3168 5244 Eutropius
3196 5181 3255 5229 et
3294 5174 3429 5231 Sex.
3461 5171 3727 5227 Aurelius.

2140 5243 2436 5313 Imperavit
2462 5244 2620 5300 anuis
2659 5246 2757 5315 t5,
2806 5245 3081 5300 mensibus
3105 5245 3171 5315 8,
3219 5244 3420 5302 diebus
3445 5242 3537 5300 2⁰.
3578 5242 3727 5299 Iose-

2143 5314 2409 5439 pbusssib.
2443 5331 2511 5372 xx
2538 5314 2722 5387 Antiq.
2754 5330 2805 5370 c.
2838 5315 2891 5371 5.
2922 5313 3186 5386 xiphilin.
3236 5316 3291 5371 in
3324 5314 3578 5387 Epitoma
3606 5312 3729 5368 Dio-

2142 5399 2247 5441 ntS.
2336 5402 2459 5441 Aen.

2208 5460 2263 5510 Ξ.
2316 5456 2552 5511 Exordio
2590 5457 2757 5530 reyni.
2801 5457 2959 5513 Anno
3002 5457 3244 5515 secundo
3269 5499 3286 5525 ,
3332 5455 3633 5512 Saturnino
3677 5462 3731 5509 et

2137 5526 2380 5583 Venusto
2408 5542 2552 5585 coss.
2567 5527 2947 5585 Cassiodorus.
2980 5527 3122 5600 Lege
3138 5529 3340 5586 Euseb.
3386 5526 3442 5582 in
3468 5524 3735 5583 chronic:

2139 5598 2238 5652 Ed.
2273 5600 2438 5669 Aug„
2472 5600 2537 5653 ab
2559 5599 2795 5655 exordio.
2837 5598 3007 5656 Fasti.

2207 5670 2260 5723 ὅ.
2304 5669 2511 5724 Domini
2541 5671 2721 5725 nostri.
2752 5670 2811 5725 in
2841 5670 3094 5727 Perizon.
3125 5677 3290 5742 atque
3317 5670 3592 5729 Florentt.
3620 5684 3726 5727 see.

2134 5746 2188 5793 et
2219 5747 2343 5795 tert.
2379 5740 2534 5799 deest
2574 5742 2755 5796 nostri.
2813 5741 2859 5796 A
2891 5742 3131 5799 Florem.
3170 5756 3284 5799 sec.
3332 5744 3493 5800 abest
3520 5754 3731 5815 quoque

2135 5809 2345 5865 Christi.
