<?xml version="1.0" encoding="UTF-8"?>
<!DOCTYPE html PUBLIC "-//W3C//DTD XHTML 1.0 Transitional//EN"
    "http://www.w3.org/TR/xhtml1/DTD/xhtml1-transitional.dtd">
<html xmlns="http://www.w3.org/1999/xhtml" xml:lang="en" lang="en">
 <head>
  <title>
</title>
<meta http-equiv="Content-Type" content="text/html;charset=utf-8" />
  <meta name='ocr-system' content='tesseract 3.04.00' />
  <meta name='ocr-capabilities' content='ocr_page ocr_carea ocr_par ocr_line ocrx_word'/>
</head>
<body>
  <div class='ocr_page' id='page_1' title='image "./patrologiaecurs83unkngoog/patrologiaecurs83unkngoog_0435.png"; bbox 0 0 4192 6434; ppageno 0'>
   <div class='ocr_carea' id='block_1_1' title="bbox 233 402 1344 486">
    <p class='ocr_par' dir='ltr' id='par_1_1' title="bbox 233 402 1344 486">
     <span class='ocr_line' id='line_1_1' title="bbox 233 402 1344 486; baseline 0.019 -23"><span class='ocrx_word' id='word_1_1' title='bbox 233 402 287 463; x_wconf 79' lang='lat' dir='ltr'><strong>etl</strong></span> <span class='ocrx_word' id='word_1_2' title='bbox 763 412 1001 477; x_wconf 79' lang='lat' dir='ltr'><strong>lltslomhhbtl</strong></span> <span class='ocrx_word' id='word_1_3' title='bbox 1019 419 1126 480; x_wconf 80' lang='lat' dir='ltr'><strong>tttteu</strong></span> <span class='ocrx_word' id='word_1_4' title='bbox 1143 421 1191 482; x_wconf 81' lang='lat' dir='ltr'><strong>tl.</strong></span> <span class='ocrx_word' id='word_1_5' title='bbox 1210 423 1289 486; x_wconf 75' lang='lat' dir='ltr'><strong>cde.</strong></span> <span class='ocrx_word' id='word_1_6' title='bbox 1309 427 1344 485; x_wconf 83' lang='lat' dir='ltr'><strong>X.</strong></span> 
     </span>
    </p>
   </div>
   <div class='ocr_carea' id='block_1_2' title="bbox 1830 440 1888 503">
    <p class='ocr_par' dir='ltr' id='par_1_2' title="bbox 1830 440 1888 503">
     <span class='ocr_line' id='line_1_2' title="bbox 1830 440 1888 503; baseline 0 -1"><span class='ocrx_word' id='word_1_7' title='bbox 1830 440 1888 503; x_wconf 70' lang='lat'><strong>882</strong></span> 
     </span>
    </p>
   </div>
   <div class='ocr_carea' id='block_1_3' title="bbox 232 520 1882 721">
    <p class='ocr_par' dir='ltr' id='par_1_3' title="bbox 232 520 1882 721">
     <span class='ocr_line' id='line_1_3' title="bbox 232 520 1882 620; baseline 0.019 -39"><span class='ocrx_word' id='word_1_8' title='bbox 232 520 379 592; x_wconf 75' lang='lat' dir='ltr'>Asdrubal,</span> <span class='ocrx_word' id='word_1_9' title='bbox 396 537 483 583; x_wconf 87' lang='lat' dir='ltr'><strong>nouos</strong></span> <span class='ocrx_word' id='word_1_10' title='bbox 496 524 765 601; x_wconf 71' lang='lat' dir='ltr'><strong>Carthaginiensium</strong></span> <span class='ocrx_word' id='word_1_11' title='bbox 786 531 948 605; x_wconf 88' lang='lat' dir='ltr'><strong>imperator,</strong></span> <span class='ocrx_word' id='word_1_12' title='bbox 964 550 1027 594; x_wconf 85' lang='lat' dir='ltr'><strong>curo</strong></span> <span class='ocrx_word' id='word_1_13' title='bbox 1040 537 1109 601; x_wconf 81' lang='lat' dir='ltr'><strong>Aet</strong></span> <span class='ocrx_word' id='word_1_14' title='bbox 1122 538 1238 599; x_wconf 84' lang='lat' dir='ltr'><strong>ilanlius</strong></span> <span class='ocrx_word' id='word_1_15' title='bbox 1252 541 1337 601; x_wconf 90' lang='lat' dir='ltr'><strong>llulso</strong></span> <span class='ocrx_word' id='word_1_16' title='bbox 1348 542 1430 603; x_wconf 87' lang='lat' dir='ltr'><strong>ambo</strong></span> <span class='ocrx_word' id='word_1_17' title='bbox 1443 543 1543 606; x_wconf 79' lang='lat' dir='ltr'><strong>ilerum</strong></span> <span class='ocrx_word' id='word_1_18' title='bbox 1555 549 1700 620; x_wconf 88' lang='lat' dir='ltr'><strong>consules,</strong></span> <span class='ocrx_word' id='word_1_19' title='bbox 1714 564 1777 611; x_wconf 88' lang='lat' dir='ltr'><strong>cum</strong></span> <span class='ocrx_word' id='word_1_20' title='bbox 1790 553 1882 617; x_wconf 90' lang='lat' dir='ltr'><strong>classo</strong></span> 
     </span>
     <span class='ocr_line' id='line_1_4' title="bbox 232 614 1882 721; baseline 0.022 -49"><span class='ocrx_word' id='word_1_21' title='bbox 232 614 387 687; x_wconf 77' lang='lat' dir='ltr'><strong>elephantis</strong></span> <span class='ocrx_word' id='word_1_22' title='bbox 401 626 512 675; x_wconf 91' lang='lat' dir='ltr'><strong>centum</strong></span> <span class='ocrx_word' id='word_1_23' title='bbox 535 620 647 692; x_wconf 89' lang='lat' dir='ltr'><strong>triginta</strong></span> <span class='ocrx_word' id='word_1_24' title='bbox 667 630 696 678; x_wconf 93' lang='lat' dir='ltr'><strong>et</strong></span> <span class='ocrx_word' id='word_1_25' title='bbox 715 623 839 694; x_wconf 90' lang='lat' dir='ltr'><strong>equitum</strong></span> <span class='ocrx_word' id='word_1_26' title='bbox 854 624 1032 701; x_wconf 72' lang='lat' dir='ltr'><strong>peditumque</strong></span> <span class='ocrx_word' id='word_1_27' title='bbox 1083 632 1262 693; x_wconf 89' lang='lat' dir='ltr'><strong>ducentarum</strong></span> <span class='ocrx_word' id='word_1_28' title='bbox 1278 637 1387 696; x_wconf 83' lang='lat' dir='ltr'><strong>navium</strong></span> <span class='ocrx_word' id='word_1_29' title='bbox 1403 647 1431 697; x_wconf 89' lang='lat' dir='ltr'><strong>et</strong></span> <span class='ocrx_word' id='word_1_30' title='bbox 1440 648 1558 712; x_wconf 83' lang='lat' dir='ltr'><strong>quatuor</strong></span> <span class='ocrx_word' id='word_1_31' title='bbox 1565 643 1720 718; x_wconf 84' lang='lat' dir='ltr'><strong>legionibus</strong></span> <span class='ocrx_word' id='word_1_32' title='bbox 1732 646 1882 721; x_wconf 83' lang='lat' dir='ltr'><strong>bilybaeum</strong></span> 
     </span>
    </p>
   </div>
   <div class='ocr_carea' id='block_1_4' title="bbox 222 708 1883 1914">
    <p class='ocr_par' dir='ltr' id='par_1_4' title="bbox 222 708 1883 1914">
     <span class='ocr_line' id='line_1_5' title="bbox 232 708 1883 811; baseline 0.022 -48"><span class='ocrx_word' id='word_1_33' title='bbox 232 708 350 779; x_wconf 88' lang='lat' dir='ltr'><strong>amplius</strong></span> <span class='ocrx_word' id='word_1_34' title='bbox 359 709 472 781; x_wconf 87' lang='lat' dir='ltr'><strong>triginta</strong></span> <span class='ocrx_word' id='word_1_35' title='bbox 484 711 616 779; x_wconf 91' lang='lat' dir='ltr'><strong>millibus,</strong></span> <span class='ocrx_word' id='word_1_36' title='bbox 627 712 778 787; x_wconf 78' lang='lat' dir='ltr'><strong>Lilybaeum</strong></span> <span class='ocrx_word' id='word_1_37' title='bbox 789 718 865 774; x_wconf 83' lang='lat' dir='ltr'><strong>uenit</strong></span> <span class='ocrx_word' id='word_1_38' title='bbox 876 733 909 775; x_wconf 86' lang='lat' dir='ltr'><strong>er</strong></span> <span class='ocrx_word' id='word_1_39' title='bbox 925 718 1029 794; x_wconf 83' lang='lat' dir='ltr'><strong>dirice,</strong></span> <span class='ocrx_word' id='word_1_40' title='bbox 1083 727 1095 760; x_wconf 82' lang='lat'>⁸</span> <span class='ocrx_word' id='word_1_41' title='bbox 1109 728 1227 800; x_wconf 86' lang='lat' dir='ltr'><strong>proiecti</strong></span> <span class='ocrx_word' id='word_1_42' title='bbox 1248 739 1330 788; x_wconf 85' lang='lat' dir='ltr'><strong>sunt:</strong></span> <span class='ocrx_word' id='word_1_43' title='bbox 1353 734 1427 804; x_wconf 88' lang='lat' dir='ltr'><strong>quod</strong></span> <span class='ocrx_word' id='word_1_44' title='bbox 1446 735 1576 806; x_wconf 88' lang='lat' dir='ltr'><strong>oppidum</strong></span> <span class='ocrx_word' id='word_1_45' title='bbox 1598 738 1626 793; x_wconf 92' lang='lat' dir='ltr'><strong>in</strong></span> <span class='ocrx_word' id='word_1_46' title='bbox 1641 741 1831 811; x_wconf 86' lang='lat' dir='ltr'><strong>promontorio</strong></span> <span class='ocrx_word' id='word_1_47' title='bbox 1844 744 1883 799; x_wconf 91' lang='lat' dir='ltr'><strong>si·</strong></span> 
     </span>
     <span class='ocr_line' id='line_1_6' title="bbox 231 802 1882 905; baseline 0.022 -47"><span class='ocrx_word' id='word_1_48' title='bbox 231 811 259 858; x_wconf 90' lang='lat' dir='ltr'><strong>et</strong></span> <span class='ocrx_word' id='word_1_49' title='bbox 275 802 404 859; x_wconf 92' lang='lat' dir='ltr'><strong>continuo</strong></span> <span class='ocrx_word' id='word_1_50' title='bbox 425 819 487 882; x_wconf 81' lang='lat' dir='ltr'><strong>cum</strong></span> <span class='ocrx_word' id='word_1_51' title='bbox 509 803 620 863; x_wconf 88' lang='lat' dir='ltr'><strong>bletello</strong></span> <span class='ocrx_word' id='word_1_52' title='bbox 640 810 756 867; x_wconf 90' lang='lat' dir='ltr'><strong>consule</strong></span> <span class='ocrx_word' id='word_1_53' title='bbox 779 811 851 884; x_wconf 92' lang='lat' dir='ltr'><strong>apud</strong></span> <span class='ocrx_word' id='word_1_54' title='bbox 865 811 1030 871; x_wconf 87' lang='lat' dir='ltr'><strong>Panormum</strong></span> <span class='ocrx_word' id='word_1_55' title='bbox 1083 830 1152 893; x_wconf 87' lang='lat' dir='ltr'><strong>tum,</strong></span> <span class='ocrx_word' id='word_1_56' title='bbox 1170 823 1378 900; x_wconf 61' lang='lat' dir='ltr'><strong>flmllomani</strong></span> <span class='ocrx_word' id='word_1_57' title='bbox 1394 826 1521 887; x_wconf 90' lang='lat' dir='ltr'><strong>obsidere</strong></span> <span class='ocrx_word' id='word_1_58' title='bbox 1541 832 1652 900; x_wconf 88' lang='lat' dir='ltr'><strong>conati,</strong></span> <span class='ocrx_word' id='word_1_59' title='bbox 1672 835 1882 905; x_wconf 83' lang='lat' dir='ltr'><strong>superveniente</strong></span> 
     </span>
     <span class='ocr_line' id='line_1_7' title="bbox 230 900 1879 1001; baseline 0.022 -49"><span class='ocrx_word' id='word_1_60' title='bbox 230 911 347 969; x_wconf 86' lang='lat' dir='ltr'><strong>pugnam</strong></span> <span class='ocrx_word' id='word_1_61' title='bbox 362 900 512 956; x_wconf 77' lang='lat' dir='ltr'><strong>coruscruit.</strong></span> <span class='ocrx_word' id='word_1_62' title='bbox 527 900 583 959; x_wconf 86' lang='lat' dir='ltr'><strong>Sed</strong></span> <span class='ocrx_word' id='word_1_63' title='bbox 605 901 741 973; x_wconf 87' lang='lat' dir='ltr'><strong>lletellus,</strong></span> <span class='ocrx_word' id='word_1_64' title='bbox 757 905 812 961; x_wconf 81' lang='lat' dir='ltr'><strong>sim</strong></span> <span class='ocrx_word' id='word_1_65' title='bbox 827 922 954 979; x_wconf 86' lang='lat' dir='ltr'><strong>magnam</strong></span> <span class='ocrx_word' id='word_1_66' title='bbox 971 908 1030 965; x_wconf 90' lang='lat' dir='ltr'><strong>bel·</strong></span> <span class='ocrx_word' id='word_1_67' title='bbox 1080 914 1236 985; x_wconf 78' lang='lat' dir='ltr'><strong>Annibale,</strong></span> <span class='ocrx_word' id='word_1_68' title='bbox 1261 917 1307 989; x_wconf 90' lang='lat' dir='ltr'><strong>qui</strong></span> <span class='ocrx_word' id='word_1_69' title='bbox 1332 919 1479 979; x_wconf 70' lang='lat' dir='ltr'><strong>amilcaris</strong></span> <span class='ocrx_word' id='word_1_70' title='bbox 1500 921 1575 980; x_wconf 89' lang='lat' dir='ltr'><strong>lilius</strong></span> <span class='ocrx_word' id='word_1_71' title='bbox 1597 923 1659 992; x_wconf 89' lang='lat' dir='ltr'><strong>luit,</strong></span> <span class='ocrx_word' id='word_1_72' title='bbox 1679 926 1755 995; x_wconf 82' lang='lat' dir='ltr'><strong>uicti,</strong></span> <span class='ocrx_word' id='word_1_73' title='bbox 1772 929 1879 1001; x_wconf 85' lang='lat' dir='ltr'><strong>majore</strong></span> 
     </span>
     <span class='ocr_line' id='line_1_8' title="bbox 230 990 1878 1089; baseline 0.021 -44"><span class='ocrx_word' id='word_1_74' title='bbox 230 990 337 1047; x_wconf 84' lang='lat' dir='ltr'><strong>luorum</strong></span> <span class='ocrx_word' id='word_1_75' title='bbox 352 992 463 1056; x_wconf 84' lang='lat' dir='ltr'><strong>timens,</strong></span> <span class='ocrx_word' id='word_1_76' title='bbox 480 993 557 1064; x_wconf 91' lang='lat' dir='ltr'><strong>prius</strong></span> <span class='ocrx_word' id='word_1_77' title='bbox 570 1008 628 1061; x_wconf 88' lang='lat' dir='ltr'><strong>eas,</strong></span> <span class='ocrx_word' id='word_1_78' title='bbox 648 1011 748 1069; x_wconf 87' lang='lat' dir='ltr'><strong>magno</strong></span> <span class='ocrx_word' id='word_1_79' title='bbox 762 1012 829 1055; x_wconf 90' lang='lat' dir='ltr'><strong>usus</strong></span> <span class='ocrx_word' id='word_1_80' title='bbox 842 999 969 1066; x_wconf 84' lang='lat' dir='ltr'><strong>consilio,</strong></span> <span class='ocrx_word' id='word_1_81' title='bbox 985 1000 1029 1057; x_wconf 80' lang='lat' dir='ltr'><strong>nel</strong></span> <span class='ocrx_word' id='word_1_82' title='bbox 1079 1008 1220 1064; x_wconf 86' lang='lat' dir='ltr'><strong>exercitus</strong></span> <span class='ocrx_word' id='word_1_83' title='bbox 1241 1010 1284 1065; x_wconf 90' lang='lat' dir='ltr'><strong>sui</strong></span> <span class='ocrx_word' id='word_1_84' title='bbox 1308 1020 1386 1083; x_wconf 90' lang='lat' dir='ltr'><strong>parte</strong></span> <span class='ocrx_word' id='word_1_85' title='bbox 1410 1012 1534 1085; x_wconf 88' lang='lat' dir='ltr'><strong>perdita,</strong></span> <span class='ocrx_word' id='word_1_86' title='bbox 1554 1014 1607 1086; x_wconf 89' lang='lat' dir='ltr'><strong>ipsi</strong></span> <span class='ocrx_word' id='word_1_87' title='bbox 1625 1030 1698 1089; x_wconf 76' lang='lat' dir='ltr'><strong>segre</strong></span> <span class='ocrx_word' id='word_1_88' title='bbox 1720 1031 1878 1079; x_wconf 82' lang='lat' dir='ltr'><strong>evaseruut.</strong></span> 
     </span>
     <span class='ocr_line' id='line_1_9' title="bbox 229 1083 1880 1173; baseline 0.02 -35"><span class='ocrx_word' id='word_1_89' title='bbox 229 1083 257 1139; x_wconf 91' lang='lat' dir='ltr'><strong>in</strong></span> <span class='ocrx_word' id='word_1_90' title='bbox 269 1083 371 1154; x_wconf 85' lang='lat' dir='ltr'><strong>iugum,</strong></span> <span class='ocrx_word' id='word_1_91' title='bbox 388 1085 431 1142; x_wconf 84' lang='lat' dir='ltr'><strong>vel</strong></span> <span class='ocrx_word' id='word_1_92' title='bbox 445 1085 473 1142; x_wconf 90' lang='lat' dir='ltr'><strong>in</strong></span> <span class='ocrx_word' id='word_1_93' title='bbox 496 1097 615 1143; x_wconf 89' lang='lat' dir='ltr'><strong>mortem</strong></span> <span class='ocrx_word' id='word_1_94' title='bbox 630 1089 698 1160; x_wconf 81' lang='lat' dir='ltr'><strong>egit,</strong></span> <span class='ocrx_word' id='word_1_95' title='bbox 713 1098 743 1147; x_wconf 88' lang='lat' dir='ltr'><strong>et</strong></span> <span class='ocrx_word' id='word_1_96' title='bbox 760 1091 801 1149; x_wconf 86' lang='lat' dir='ltr'><strong>sic</strong></span> <span class='ocrx_word' id='word_1_97' title='bbox 813 1091 1028 1163; x_wconf 83' lang='lat' dir='ltr'><strong>iacilequamais</strong></span> <span class='ocrx_word' id='word_1_98' title='bbox 1080 1097 1164 1155; x_wconf 77' lang='lat' dir='ltr'><strong>‘Post</strong></span> <span class='ocrx_word' id='word_1_99' title='bbox 1189 1098 1240 1157; x_wconf 92' lang='lat' dir='ltr'><strong>bos</strong></span> <span class='ocrx_word' id='word_1_100' title='bbox 1262 1100 1392 1161; x_wconf 90' lang='lat' dir='ltr'><strong>Claudius</strong></span> <span class='ocrx_word' id='word_1_101' title='bbox 1416 1104 1608 1163; x_wconf 77' lang='lat' dir='ltr'><strong>consol&#39;cnm</strong></span> <span class='ocrx_word' id='word_1_102' title='bbox 1626 1107 1715 1166; x_wconf 77' lang='lat' dir='ltr'><strong>clasm</strong></span> <span class='ocrx_word' id='word_1_103' title='bbox 1728 1119 1838 1170; x_wconf 86' lang='lat' dir='ltr'><strong>centum</strong></span> <span class='ocrx_word' id='word_1_104' title='bbox 1849 1123 1880 1173; x_wconf 85' lang='lat' dir='ltr'><strong>et</strong></span> 
     </span>
     <span class='ocr_line' id='line_1_10' title="bbox 228 1178 1878 1269; baseline 0.018 -35"><span class='ocrx_word' id='word_1_105' title='bbox 228 1192 354 1249; x_wconf 87' lang='lat' dir='ltr'><strong>magnam</strong></span> <span class='ocrx_word' id='word_1_106' title='bbox 367 1178 422 1235; x_wconf 85' lang='lat' dir='ltr'><strong>aim</strong></span> <span class='ocrx_word' id='word_1_107' title='bbox 437 1179 557 1237; x_wconf 91' lang='lat' dir='ltr'><strong>bostium</strong></span> <span class='ocrx_word' id='word_1_108' title='bbox 573 1184 725 1255; x_wconf 73' lang='lat' dir='ltr'><strong>suuper-avit.</strong></span> <span class='ocrx_word' id='word_1_109' title='bbox 741 1183 842 1257; x_wconf 88' lang='lat' dir='ltr'><strong>lligiuti</strong></span> <span class='ocrx_word' id='word_1_110' title='bbox 861 1186 947 1243; x_wconf 89' lang='lat' dir='ltr'><strong>millia</strong></span> <span class='ocrx_word' id='word_1_111' title='bbox 961 1187 1027 1244; x_wconf 88' lang='lat' dir='ltr'><strong>Car·</strong></span> <span class='ocrx_word' id='word_1_112' title='bbox 1078 1191 1173 1264; x_wconf 82' lang='lat' dir='ltr'><strong>uiginti</strong></span> <span class='ocrx_word' id='word_1_113' title='bbox 1198 1193 1307 1251; x_wconf 87' lang='lat' dir='ltr'><strong>natium</strong></span> <span class='ocrx_word' id='word_1_114' title='bbox 1330 1196 1365 1252; x_wconf 90' lang='lat' dir='ltr'><strong>ad</strong></span> <span class='ocrx_word' id='word_1_115' title='bbox 1384 1196 1501 1269; x_wconf 81' lang='lat' dir='ltr'><strong>Drepani</strong></span> <span class='ocrx_word' id='word_1_116' title='bbox 1514 1206 1622 1269; x_wconf 89' lang='lat' dir='ltr'><strong>portum</strong></span> <span class='ocrx_word' id='word_1_117' title='bbox 1633 1199 1645 1233; x_wconf 85' lang='lat'>⁸</span> <span class='ocrx_word' id='word_1_118' title='bbox 1658 1209 1756 1259; x_wconf 89' lang='lat' dir='ltr'><strong>eontra</strong></span> <span class='ocrx_word' id='word_1_119' title='bbox 1768 1201 1878 1263; x_wconf 84' lang='lat' dir='ltr'><strong>bostem</strong></span> 
     </span>
     <span class='ocr_line' id='line_1_11' title="bbox 227 1274 1876 1368; baseline 0.015 -39"><span class='ocrx_word' id='word_1_120' title='bbox 227 1274 437 1347; x_wconf 86' lang='lat' dir='ltr'><strong>thaginiensium</strong></span> <span class='ocrx_word' id='word_1_121' title='bbox 463 1276 491 1332; x_wconf 89' lang='lat' dir='ltr'><strong>in</strong></span> <span class='ocrx_word' id='word_1_122' title='bbox 515 1289 549 1333; x_wconf 91' lang='lat' dir='ltr'><strong>eo</strong></span> <span class='ocrx_word' id='word_1_123' title='bbox 572 1279 669 1348; x_wconf 81' lang='lat' dir='ltr'><strong>praelio</strong></span> <span class='ocrx_word' id='word_1_124' title='bbox 693 1294 765 1336; x_wconf 76' lang='lat' dir='ltr'><strong>resa</strong></span> <span class='ocrx_word' id='word_1_125' title='bbox 787 1291 862 1349; x_wconf 88' lang='lat' dir='ltr'><strong>sunt,</strong></span> <span class='ocrx_word' id='word_1_126' title='bbox 884 1282 1026 1354; x_wconf 74' lang='lat' dir='ltr'><strong>elephanti</strong></span> <span class='ocrx_word' id='word_1_127' title='bbox 1077 1285 1237 1356; x_wconf 86' lang='lat' dir='ltr'><strong>proiectus,</strong></span> <span class='ocrx_word' id='word_1_128' title='bbox 1252 1286 1347 1359; x_wconf 81' lang='lat' dir='ltr'><strong>ibique</strong></span> <span class='ocrx_word' id='word_1_129' title='bbox 1369 1303 1432 1345; x_wconf 86' lang='lat' dir='ltr'><strong>mox</strong></span> <span class='ocrx_word' id='word_1_130' title='bbox 1459 1299 1591 1361; x_wconf 80' lang='lat' dir='ltr'><strong>exceptus</strong></span> <span class='ocrx_word' id='word_1_131' title='bbox 1610 1291 1701 1352; x_wconf 89' lang='lat' dir='ltr'><strong>classe</strong></span> <span class='ocrx_word' id='word_1_132' title='bbox 1716 1293 1876 1368; x_wconf 81' lang='lat' dir='ltr'><strong>Poenomm,</strong></span> 
     </span>
     <span class='ocr_line' id='line_1_12' title="bbox 226 1366 1877 1461; baseline 0.019 -42"><span class='ocrx_word' id='word_1_133' title='bbox 226 1382 336 1439; x_wconf 88' lang='lat' dir='ltr'><strong>quoque</strong></span> <span class='ocrx_word' id='word_1_134' title='bbox 360 1366 455 1440; x_wconf 84' lang='lat' dir='ltr'><strong>viginti</strong></span> <span class='ocrx_word' id='word_1_135' title='bbox 476 1382 526 1425; x_wconf 86' lang='lat' dir='ltr'><strong>sex</strong></span> <span class='ocrx_word' id='word_1_136' title='bbox 551 1367 690 1426; x_wconf 86' lang='lat' dir='ltr'><strong>interiecti</strong></span> <span class='ocrx_word' id='word_1_137' title='bbox 716 1370 797 1446; x_wconf 58' lang='lat'><strong>241</strong></span> <span class='ocrx_word' id='word_1_138' title='bbox 818 1377 841 1410; x_wconf 57' lang='grc' dir='ltr'><strong>ἰ</strong></span> <span class='ocrx_word' id='word_1_139' title='bbox 862 1381 972 1429; x_wconf 86' lang='lat' dir='ltr'><strong>centum</strong></span> <span class='ocrx_word' id='word_1_140' title='bbox 997 1381 1027 1429; x_wconf 93' lang='lat' dir='ltr'><strong>et</strong></span> <span class='ocrx_word' id='word_1_141' title='bbox 1076 1387 1222 1451; x_wconf 86' lang='lat' dir='ltr'><strong>superatus</strong></span> <span class='ocrx_word' id='word_1_142' title='bbox 1236 1390 1288 1437; x_wconf 85' lang='lat' dir='ltr'><strong>est.</strong></span> <span class='ocrx_word' id='word_1_143' title='bbox 1305 1380 1341 1439; x_wconf 83' lang='lat' dir='ltr'><strong>Et</strong></span> <span class='ocrx_word' id='word_1_144' title='bbox 1355 1382 1537 1456; x_wconf 87' lang='lat' dir='ltr'><strong>ipsequidem</strong></span> <span class='ocrx_word' id='word_1_145' title='bbox 1553 1401 1615 1444; x_wconf 92' lang='lat' dir='ltr'><strong>cum</strong></span> <span class='ocrx_word' id='word_1_146' title='bbox 1632 1387 1744 1461; x_wconf 88' lang='lat' dir='ltr'><strong>triginta</strong></span> <span class='ocrx_word' id='word_1_147' title='bbox 1763 1391 1877 1451; x_wconf 86' lang='lat' dir='ltr'><strong>nauibus</strong></span> 
     </span>
     <span class='ocr_line' id='line_1_13' title="bbox 225 1458 1876 1552; baseline 0.019 -40"><span class='ocrx_word' id='word_1_148' title='bbox 225 1468 343 1529; x_wconf 90' lang='lat' dir='ltr'><strong>quatuor</strong></span> <span class='ocrx_word' id='word_1_149' title='bbox 353 1458 436 1530; x_wconf 88' lang='lat' dir='ltr'><strong>capti,</strong></span> <span class='ocrx_word' id='word_1_150' title='bbox 451 1469 479 1516; x_wconf 88' lang='lat' dir='ltr'><strong>et</strong></span> <span class='ocrx_word' id='word_1_151' title='bbox 498 1475 547 1531; x_wconf 90' lang='lat' dir='ltr'><strong>per</strong></span> <span class='ocrx_word' id='word_1_152' title='bbox 561 1460 665 1518; x_wconf 89' lang='lat' dir='ltr'><strong>ltaliam</strong></span> <span class='ocrx_word' id='word_1_153' title='bbox 680 1462 769 1532; x_wconf 86' lang='lat' dir='ltr'><strong>ducti,</strong></span> <span class='ocrx_word' id='word_1_154' title='bbox 783 1464 932 1520; x_wconf 85' lang='lat' dir='ltr'><strong>marimum</strong></span> <span class='ocrx_word' id='word_1_155' title='bbox 948 1463 1024 1521; x_wconf 90' lang='lat' dir='ltr'><strong>ltali·</strong></span> <span class='ocrx_word' id='word_1_156' title='bbox 1076 1472 1226 1547; x_wconf 67' lang='lat' dir='ltr'><strong>Lilybaeum</strong></span> <span class='ocrx_word' id='word_1_157' title='bbox 1242 1476 1269 1531; x_wconf 91' lang='lat' dir='ltr'><strong>in</strong></span> <span class='ocrx_word' id='word_1_158' title='bbox 1284 1486 1373 1535; x_wconf 85' lang='lat' dir='ltr'><strong>castra</strong></span> <span class='ocrx_word' id='word_1_159' title='bbox 1387 1480 1398 1514; x_wconf 73' lang='lat'><strong>⁹</strong></span> <span class='ocrx_word' id='word_1_160' title='bbox 1412 1477 1536 1551; x_wconf 89' lang='lat' dir='ltr'><strong>coniugit</strong></span> <span class='ocrx_word' id='word_1_161' title='bbox 1549 1478 1679 1552; x_wconf 78' lang='lat' dir='ltr'><strong>:relique</strong></span> <span class='ocrx_word' id='word_1_162' title='bbox 1692 1469 1808 1552; x_wconf 84' lang='lat' dir='ltr'><strong>omnes,</strong></span> <span class='ocrx_word' id='word_1_163' title='bbox 1822 1484 1876 1543; x_wconf 89' lang='lat' dir='ltr'><strong>hoc</strong></span> 
     </span>
     <span class='ocr_line' id='line_1_14' title="bbox 223 1549 1873 1641; baseline 0.016 -36"><span class='ocrx_word' id='word_1_164' title='bbox 223 1549 264 1606; x_wconf 90' lang='lat' dir='ltr'><strong>cis</strong></span> <span class='ocrx_word' id='word_1_165' title='bbox 274 1551 403 1623; x_wconf 91' lang='lat' dir='ltr'><strong>gentibus</strong></span> <span class='ocrx_word' id='word_1_166' title='bbox 413 1554 599 1624; x_wconf 86' lang='lat' dir='ltr'><strong>spectaculum</strong></span> <span class='ocrx_word' id='word_1_167' title='bbox 610 1554 797 1626; x_wconf 79' lang='lat' dir='ltr'><strong>prebuerunt.</strong></span> <span class='ocrx_word' id='word_1_168' title='bbox 811 1554 947 1613; x_wconf 73' lang='lat' dir='ltr'><strong>Asdrubal</strong></span> <span class='ocrx_word' id='word_1_169' title='bbox 960 1572 1022 1614; x_wconf 91' lang='lat' dir='ltr'><strong>cum</strong></span> <span class='ocrx_word' id='word_1_170' title='bbox 1076 1574 1119 1621; x_wconf 84' lang='lat' dir='ltr'><strong>ess</strong></span> <span class='ocrx_word' id='word_1_171' title='bbox 1142 1567 1302 1639; x_wconf 76' lang='lat' dir='ltr'><strong>nonaginta,</strong></span> <span class='ocrx_word' id='word_1_172' title='bbox 1323 1577 1371 1624; x_wconf 90' lang='lat' dir='ltr'><strong>aut</strong></span> <span class='ocrx_word' id='word_1_173' title='bbox 1395 1577 1498 1641; x_wconf 83' lang='lat' dir='ltr'><strong>captae,</strong></span> <span class='ocrx_word' id='word_1_174' title='bbox 1523 1579 1570 1627; x_wconf 91' lang='lat' dir='ltr'><strong>aut</strong></span> <span class='ocrx_word' id='word_1_175' title='bbox 1590 1572 1722 1630; x_wconf 78' lang='lat' dir='ltr'><strong>demeres</strong></span> <span class='ocrx_word' id='word_1_176' title='bbox 1744 1574 1873 1634; x_wconf 87' lang='lat' dir='ltr'><strong>luerunt:</strong></span> 
     </span>
     <span class='ocr_line' id='line_1_15' title="bbox 224 1643 1876 1739; baseline 0.018 -42"><span class='ocrx_word' id='word_1_177' title='bbox 224 1643 319 1714; x_wconf 89' lang='lat' dir='ltr'><strong>paucis</strong></span> <span class='ocrx_word' id='word_1_178' title='bbox 343 1644 493 1716; x_wconf 70' lang='lat' dir='ltr'><strong>Lilybaeum</strong></span> <span class='ocrx_word' id='word_1_179' title='bbox 517 1644 647 1718; x_wconf 88' lang='lat' dir='ltr'><strong>proiugit,</strong></span> <span class='ocrx_word' id='word_1_180' title='bbox 672 1655 755 1719; x_wconf 89' lang='lat' dir='ltr'><strong>atque</strong></span> <span class='ocrx_word' id='word_1_181' title='bbox 775 1647 876 1706; x_wconf 87' lang='lat' dir='ltr'><strong>absens</strong></span> <span class='ocrx_word' id='word_1_182' title='bbox 895 1664 911 1706; x_wconf 87' lang='lat' dir='ltr'><strong>a</strong></span> <span class='ocrx_word' id='word_1_183' title='bbox 930 1648 1023 1707; x_wconf 71' lang='lat' dir='ltr'><strong>Poenis</strong></span> <span class='ocrx_word' id='word_1_184' title='bbox 1074 1665 1138 1712; x_wconf 89' lang='lat' dir='ltr'><strong>octo</strong></span> <span class='ocrx_word' id='word_1_185' title='bbox 1152 1658 1238 1715; x_wconf 88' lang='lat' dir='ltr'><strong>millia</strong></span> <span class='ocrx_word' id='word_1_186' title='bbox 1259 1658 1376 1717; x_wconf 88' lang='lat' dir='ltr'><strong>rnilitum</strong></span> <span class='ocrx_word' id='word_1_187' title='bbox 1390 1675 1480 1731; x_wconf 76' lang='lat' dir='ltr'><strong>caesa,</strong></span> <span class='ocrx_word' id='word_1_188' title='bbox 1494 1661 1590 1736; x_wconf 83' lang='lat' dir='ltr'><strong>viginti</strong></span> <span class='ocrx_word' id='word_1_189' title='bbox 1607 1663 1692 1721; x_wconf 91' lang='lat' dir='ltr'><strong>millia</strong></span> <span class='ocrx_word' id='word_1_190' title='bbox 1708 1674 1787 1739; x_wconf 89' lang='lat' dir='ltr'><strong>capta</strong></span> <span class='ocrx_word' id='word_1_191' title='bbox 1801 1669 1876 1726; x_wconf 75' lang='lat' dir='ltr'><strong>rele·</strong></span> 
     </span>
     <span class='ocr_line' id='line_1_16' title="bbox 222 1738 1858 1827; baseline 0.015 -34"><span class='ocrx_word' id='word_1_192' title='bbox 222 1738 321 1809; x_wconf 88' lang='lat' dir='ltr'><strong>capitis</strong></span> <span class='ocrx_word' id='word_1_193' title='bbox 336 1738 480 1795; x_wconf 87' lang='lat' dir='ltr'><strong>damnatus</strong></span> <span class='ocrx_word' id='word_1_194' title='bbox 494 1747 548 1795; x_wconf 90' lang='lat' dir='ltr'><strong>est.</strong></span> <span class='ocrx_word' id='word_1_195' title='bbox 1074 1756 1183 1806; x_wconf 89' lang='grc' dir='ltr'><strong>ιιιιιι.</strong></span> <span class='ocrx_word' id='word_1_196' title='bbox 1199 1748 1279 1806; x_wconf 89' lang='lat' dir='ltr'><strong>Caius</strong></span> <span class='ocrx_word' id='word_1_197' title='bbox 1292 1765 1401 1824; x_wconf 91' lang='lat' dir='ltr'><strong>quoque</strong></span> <span class='ocrx_word' id='word_1_198' title='bbox 1414 1752 1512 1810; x_wconf 84' lang='lat' dir='ltr'><strong>lunius</strong></span> <span class='ocrx_word' id='word_1_199' title='bbox 1525 1797 1532 1819; x_wconf 94' lang='lat'><strong>,</strong></span> <span class='ocrx_word' id='word_1_200' title='bbox 1546 1754 1651 1827; x_wconf 79' lang='lat' dir='ltr'><strong>collega</strong></span> <span class='ocrx_word' id='word_1_201' title='bbox 1666 1754 1794 1827; x_wconf 82' lang='lat' dir='ltr'><strong>claudit,</strong></span> <span class='ocrx_word' id='word_1_202' title='bbox 1809 1757 1858 1817; x_wconf 87' lang='lat' dir='ltr'><strong>uni</strong></span> 
     </span>
     <span class='ocr_line' id='line_1_17' title="bbox 536 1830 1862 1914; baseline 0.017 -27"><span class='ocrx_word' id='word_1_203' title='bbox 536 1830 651 1889; x_wconf 76' lang='lat' dir='ltr'><strong>catut</strong></span> <span class='ocrx_word' id='word_1_204' title='bbox 669 1831 706 1888; x_wconf 87' lang='lat' dir='ltr'><strong>x.</strong></span> <span class='ocrx_word' id='word_1_205' title='bbox 1074 1851 1182 1895; x_wconf 84' lang='lat' dir='ltr'><strong>versam</strong></span> <span class='ocrx_word' id='word_1_206' title='bbox 1207 1841 1323 1899; x_wconf 77' lang='lat' dir='ltr'><strong>classem</strong></span> <span class='ocrx_word' id='word_1_207' title='bbox 1348 1844 1490 1914; x_wconf 81' lang='lat' dir='ltr'><strong>naufragio</strong></span> <span class='ocrx_word' id='word_1_208' title='bbox 1511 1845 1621 1903; x_wconf 87' lang='lat' dir='ltr'><strong>amisit:</strong></span> <span class='ocrx_word' id='word_1_209' title='bbox 1644 1846 1666 1880; x_wconf 79' lang='lat'><strong>¹·</strong></span> <span class='ocrx_word' id='word_1_210' title='bbox 1681 1847 1761 1905; x_wconf 79' lang='lat' dir='ltr'><strong>dono</strong></span> <span class='ocrx_word' id='word_1_211' title='bbox 1783 1850 1862 1909; x_wconf 88' lang='lat' dir='ltr'><strong>etian</strong></span> 
     </span>
    </p>
   </div>
   <div class='ocr_carea' id='block_1_5' title="bbox 216 1931 1871 2653">
    <p class='ocr_par' dir='ltr' id='par_1_5' title="bbox 223 1931 1871 2289">
     <span class='ocr_line' id='line_1_18' title="bbox 223 1931 1871 2019; baseline 0.004 -22"><span class='ocrx_word' id='word_1_212' title='bbox 223 1943 302 2012; x_wconf 85' lang='lat' dir='ltr'><strong>Quod</strong></span> <span class='ocrx_word' id='word_1_213' title='bbox 316 1942 392 2001; x_wconf 71' lang='lat' dir='ltr'><strong>Poeni</strong></span> <span class='ocrx_word' id='word_1_214' title='bbox 414 1961 479 2019; x_wconf 82' lang='lat' dir='ltr'><strong>poce</strong></span> <span class='ocrx_word' id='word_1_215' title='bbox 496 1945 547 2001; x_wconf 83' lang='lat' dir='ltr'><strong>sibi</strong></span> <span class='ocrx_word' id='word_1_216' title='bbox 569 1954 663 2019; x_wconf 78' lang='lat' dir='ltr'><strong>negato</strong></span> <span class='ocrx_word' id='word_1_217' title='bbox 681 1946 810 2018; x_wconf 76' lang='lat' dir='ltr'><strong>lleqnluna</strong></span> <span class='ocrx_word' id='word_1_218' title='bbox 827 1949 967 2005; x_wconf 59' lang='lat' dir='ltr'><strong>mentirer</strong></span> <span class='ocrx_word' id='word_1_219' title='bbox 979 1950 1021 2004; x_wconf 70' lang='lat' dir='ltr'><strong>n..</strong></span> <span class='ocrx_word' id='word_1_220' title='bbox 1034 1931 1059 1993; x_wconf 88' lang='lat' dir='ltr'>B</span> <span class='ocrx_word' id='word_1_221' title='bbox 1074 1933 1095 1966; x_wconf 91' lang='lat'><strong>¹¹</strong></span> <span class='ocrx_word' id='word_1_222' title='bbox 1110 1936 1302 2005; x_wconf 82' lang='lat' dir='ltr'><strong>consequenti,</strong></span> <span class='ocrx_word' id='word_1_223' title='bbox 1322 1937 1420 1994; x_wconf 89' lang='lat' dir='ltr'><strong>classis</strong></span> <span class='ocrx_word' id='word_1_224' title='bbox 1441 1937 1545 1995; x_wconf 92' lang='lat' dir='ltr'><strong>Punica</strong></span> <span class='ocrx_word' id='word_1_225' title='bbox 1569 1939 1597 1995; x_wconf 92' lang='lat' dir='ltr'><strong>in</strong></span> <span class='ocrx_word' id='word_1_226' title='bbox 1622 1940 1729 1997; x_wconf 87' lang='lat' dir='ltr'><strong>ltaliam</strong></span> <span class='ocrx_word' id='word_1_227' title='bbox 1750 1945 1871 2019; x_wconf 77' lang='lat' dir='ltr'><strong>transiit,</strong></span> 
     </span>
     <span class='ocr_line' id='line_1_19' title="bbox 259 2016 1868 2103; baseline 0.014 -33"><span class='ocrx_word' id='word_1_228' title='bbox 259 2018 416 2072; x_wconf 82' lang='lat' dir='ltr'><strong>teremerint.</strong></span> <span class='ocrx_word' id='word_1_229' title='bbox 439 2016 581 2101; x_wconf 36' lang='lat' dir='ltr'><strong>&#39;Romanoa</strong></span> <span class='ocrx_word' id='word_1_230' title='bbox 602 2034 694 2089; x_wconf 80' lang='grc' dir='ltr'><strong>ριιιιι</strong></span> <span class='ocrx_word' id='word_1_231' title='bbox 713 2020 824 2090; x_wconf 71' lang='lat' dir='ltr'><strong>feliciter</strong></span> <span class='ocrx_word' id='word_1_232' title='bbox 848 2021 885 2103; x_wconf 76' lang='lat' dir='ltr'><strong>in¹</strong></span> <span class='ocrx_word' id='word_1_233' title='bbox 900 2021 1019 2078; x_wconf 80' lang='lat' dir='ltr'><strong>Siciliam</strong></span> <span class='ocrx_word' id='word_1_234' title='bbox 1071 2024 1186 2097; x_wconf 74' lang='lat' dir='ltr'><strong>eiusque</strong></span> <span class='ocrx_word' id='word_1_235' title='bbox 1201 2026 1332 2097; x_wconf 90' lang='lat' dir='ltr'><strong>plurimas</strong></span> <span class='ocrx_word' id='word_1_236' title='bbox 1351 2036 1443 2097; x_wconf 86' lang='lat' dir='ltr'><strong>partes</strong></span> <span class='ocrx_word' id='word_1_237' title='bbox 1458 2030 1537 2100; x_wconf 85' lang='lat' dir='ltr'><strong>longe</strong></span> <span class='ocrx_word' id='word_1_238' title='bbox 1554 2031 1662 2103; x_wconf 91' lang='lat' dir='ltr'><strong>lateque</strong></span> <span class='ocrx_word' id='word_1_239' title='bbox 1677 2035 1805 2090; x_wconf 84' lang='lat' dir='ltr'><strong>uastauit.</strong></span> <span class='ocrx_word' id='word_1_240' title='bbox 1827 2035 1868 2092; x_wconf 88' lang='lat' dir='ltr'><strong>ln-</strong></span> 
     </span>
     <span class='ocr_line' id='line_1_20' title="bbox 256 2088 1868 2185; baseline 0.017 -28"><span class='ocrx_word' id='word_1_241' title='bbox 256 2088 335 2142; x_wconf 63' lang='lat' dir='ltr'><strong>issmii</strong></span> <span class='ocrx_word' id='word_1_242' title='bbox 347 2098 423 2159; x_wconf 84' lang='lat' dir='ltr'><strong>utque</strong></span> <span class='ocrx_word' id='word_1_243' title='bbox 436 2100 527 2143; x_wconf 64' lang='lat' dir='ltr'><strong>“mm</strong></span> <span class='ocrx_word' id='word_1_244' title='bbox 542 2097 698 2160; x_wconf 60' lang='lat' dir='ltr'><strong>imiimi,</strong></span> <span class='ocrx_word' id='word_1_245' title='bbox 714 2090 820 2147; x_wconf 54' lang='lat' dir='ltr'><strong>‘iidem</strong></span> <span class='ocrx_word' id='word_1_246' title='bbox 834 2106 936 2149; x_wconf 62' lang='lat' dir='ltr'><strong>imm·</strong></span> <span class='ocrx_word' id='word_1_247' title='bbox 1071 2127 1146 2177; x_wconf 89' lang='lat' dir='ltr'><strong>terea</strong></span> <span class='ocrx_word' id='word_1_248' title='bbox 1158 2121 1180 2154; x_wconf 84' lang='lat'><strong>¹¹</strong></span> <span class='ocrx_word' id='word_1_249' title='bbox 1196 2118 1320 2176; x_wconf 79' lang='lat' dir='ltr'><strong>Lutatius</strong></span> <span class='ocrx_word' id='word_1_250' title='bbox 1334 2136 1396 2177; x_wconf 92' lang='lat' dir='ltr'><strong>cum</strong></span> <span class='ocrx_word' id='word_1_251' title='bbox 1418 2123 1506 2179; x_wconf 88' lang='lat' dir='ltr'><strong>classe</strong></span> <span class='ocrx_word' id='word_1_252' title='bbox 1517 2131 1703 2182; x_wconf 84' lang='lat' dir='ltr'><strong>trecentarum</strong></span> <span class='ocrx_word' id='word_1_253' title='bbox 1716 2126 1826 2182; x_wconf 84' lang='lat' dir='ltr'><strong>navium</strong></span> <span class='ocrx_word' id='word_1_254' title='bbox 1840 2128 1868 2185; x_wconf 93' lang='lat' dir='ltr'><strong>iu</strong></span> 
     </span>
     <span class='ocr_line' id='line_1_21' title="bbox 254 2200 1871 2289; baseline 0.013 -34"><span class='ocrx_word' id='word_1_255' title='bbox 254 2200 319 2258; x_wconf 87' lang='lat' dir='ltr'><strong>Post</strong></span> <span class='ocrx_word' id='word_1_256' title='bbox 333 2202 401 2266; x_wconf 79' lang='grc' dir='ltr'><strong>ιιι,</strong></span> <span class='ocrx_word' id='word_1_257' title='bbox 420 2202 486 2258; x_wconf 86' lang='lat' dir='ltr'><strong>lessi</strong></span> <span class='ocrx_word' id='word_1_258' title='bbox 500 2211 540 2258; x_wconf 95' lang='lat' dir='ltr'><strong>tot</strong></span> <span class='ocrx_word' id='word_1_259' title='bbox 558 2202 636 2259; x_wconf 89' lang='lat' dir='ltr'><strong>malis</strong></span> <span class='ocrx_word' id='word_1_260' title='bbox 656 2202 906 2277; x_wconf 86' lang='lat' dir='ltr'><strong>Carthaginienses,</strong></span> <span class='ocrx_word' id='word_1_261' title='bbox 923 2216 1017 2278; x_wconf 91' lang='lat' dir='ltr'><strong>peteo·</strong></span> <span class='ocrx_word' id='word_1_262' title='bbox 1070 2210 1193 2270; x_wconf 86' lang='lat' dir='ltr'><strong>Siciliaot</strong></span> <span class='ocrx_word' id='word_1_263' title='bbox 1215 2221 1406 2282; x_wconf 77' lang='lat' dir='ltr'><strong>transvectus,</strong></span> <span class='ocrx_word' id='word_1_264' title='bbox 1431 2215 1495 2271; x_wconf 89' lang='lat' dir='ltr'><strong>dum</strong></span> <span class='ocrx_word' id='word_1_265' title='bbox 1515 2216 1587 2288; x_wconf 92' lang='lat' dir='ltr'><strong>apud</strong></span> <span class='ocrx_word' id='word_1_266' title='bbox 1605 2217 1761 2289; x_wconf 79' lang='lat' dir='ltr'><strong>Drepanum</strong></span> <span class='ocrx_word' id='word_1_267' title='bbox 1775 2220 1871 2277; x_wconf 82' lang='lat' dir='ltr'><strong>cirita·</strong></span> 
     </span>
    </p>

    <p class='ocr_par' dir='ltr' id='par_1_6' title="bbox 219 2292 1870 2377">
     <span class='ocr_line' id='line_1_22' title="bbox 219 2292 1870 2377; baseline 0.013 -29"><span class='ocrx_word' id='word_1_268' title='bbox 219 2292 281 2348; x_wconf 85' lang='lat' dir='ltr'><strong>dana</strong></span> <span class='ocrx_word' id='word_1_269' title='bbox 292 2308 354 2351; x_wconf 90' lang='lat' dir='ltr'><strong>csse</strong></span> <span class='ocrx_word' id='word_1_270' title='bbox 364 2308 379 2349; x_wconf 92' lang='lat' dir='ltr'><strong>a</strong></span> <span class='ocrx_word' id='word_1_271' title='bbox 390 2293 522 2351; x_wconf 84' lang='lat' dir='ltr'><strong>Romanis</strong></span> <span class='ocrx_word' id='word_1_272' title='bbox 534 2309 629 2367; x_wconf 86' lang='lat' dir='ltr'><strong>pacem</strong></span> <span class='ocrx_word' id='word_1_273' title='bbox 643 2296 837 2356; x_wconf 84' lang='lat' dir='ltr'><strong>decreuerunt.</strong></span> <span class='ocrx_word' id='word_1_274' title='bbox 854 2301 862 2333; x_wconf 86' lang='lat'><strong>¹</strong></span> <span class='ocrx_word' id='word_1_275' title='bbox 876 2300 918 2358; x_wconf 80' lang='lat' dir='ltr'><strong>dd</strong></span> <span class='ocrx_word' id='word_1_276' title='bbox 932 2317 1014 2373; x_wconf 90' lang='lat' dir='ltr'><strong>quam</strong></span> <span class='ocrx_word' id='word_1_277' title='bbox 1069 2309 1125 2362; x_wconf 87' lang='grc' dir='ltr'><strong>ιιιι</strong></span> <span class='ocrx_word' id='word_1_278' title='bbox 1142 2318 1259 2376; x_wconf 80' lang='lat' dir='ltr'><strong>pugnam</strong></span> <span class='ocrx_word' id='word_1_279' title='bbox 1275 2305 1297 2338; x_wconf 82' lang='lat'><strong>¹⁸</strong></span> <span class='ocrx_word' id='word_1_280' title='bbox 1311 2305 1383 2362; x_wconf 83' lang='lat' dir='ltr'><strong>inter</strong></span> <span class='ocrx_word' id='word_1_281' title='bbox 1398 2308 1534 2377; x_wconf 85' lang='lat' dir='ltr'><strong>primores</strong></span> <span class='ocrx_word' id='word_1_282' title='bbox 1544 2308 1609 2377; x_wconf 88' lang='lat' dir='ltr'><strong>ciet,</strong></span> <span class='ocrx_word' id='word_1_283' title='bbox 1621 2310 1751 2366; x_wconf 85' lang='lat' dir='ltr'><strong>transilxo</strong></span> <span class='ocrx_word' id='word_1_284' title='bbox 1764 2313 1870 2370; x_wconf 81' lang='lat' dir='ltr'><strong>lemnae</strong></span> 
     </span>
    </p>

    <p class='ocr_par' dir='ltr' id='par_1_7' title="bbox 216 2392 1870 2653">
     <span class='ocr_line' id='line_1_23' title="bbox 217 2392 1870 2472; baseline 0.009 -25"><span class='ocrx_word' id='word_1_285' title='bbox 217 2406 275 2449; x_wconf 86' lang='lat' dir='ltr'><strong>rem</strong></span> <span class='ocrx_word' id='word_1_286' title='bbox 300 2392 413 2449; x_wconf 86' lang='lat' dir='ltr'><strong>dtilium</strong></span> <span class='ocrx_word' id='word_1_287' title='bbox 436 2393 570 2465; x_wconf 83' lang='lat' dir='ltr'><strong>Regulum</strong></span> <span class='ocrx_word' id='word_1_288' title='bbox 592 2403 673 2452; x_wconf 90' lang='lat' dir='ltr'><strong>antea</strong></span> <span class='ocrx_word' id='word_1_289' title='bbox 699 2394 797 2452; x_wconf 87' lang='lat' dir='ltr'><strong>ducem</strong></span> <span class='ocrx_word' id='word_1_290' title='bbox 821 2395 832 2427; x_wconf 92' lang='lat'><strong>¹</strong></span> <span class='ocrx_word' id='word_1_291' title='bbox 849 2393 1015 2464; x_wconf 80' lang='lat' dir='ltr'><strong>Romanum,</strong></span> <span class='ocrx_word' id='word_1_292' title='bbox 1069 2396 1229 2469; x_wconf 70' lang='lat' dir='ltr'><strong>egerrime,</strong></span> <span class='ocrx_word' id='word_1_293' title='bbox 1245 2411 1309 2453; x_wconf 91' lang='lat' dir='ltr'><strong>cum</strong></span> <span class='ocrx_word' id='word_1_294' title='bbox 1327 2397 1384 2468; x_wconf 79' lang='lat' dir='ltr'><strong>iam</strong></span> <span class='ocrx_word' id='word_1_295' title='bbox 1399 2398 1574 2468; x_wconf 88' lang='lat' dir='ltr'><strong>obrueretur,</strong></span> <span class='ocrx_word' id='word_1_296' title='bbox 1588 2411 1700 2472; x_wconf 89' lang='lat' dir='ltr'><strong>ereptus</strong></span> <span class='ocrx_word' id='word_1_297' title='bbox 1713 2411 1767 2460; x_wconf 90' lang='lat' dir='ltr'><strong>cst.</strong></span> <span class='ocrx_word' id='word_1_298' title='bbox 1782 2404 1870 2463; x_wconf 84' lang='lat' dir='ltr'><strong>Porro</strong></span> 
     </span>
     <span class='ocr_line' id='line_1_24' title="bbox 216 2485 1867 2566; baseline 0.008 -27"><span class='ocrx_word' id='word_1_299' title='bbox 216 2499 298 2557; x_wconf 89' lang='lat' dir='ltr'><strong>quem</strong></span> <span class='ocrx_word' id='word_1_300' title='bbox 314 2485 371 2557; x_wconf 82' lang='lat' dir='ltr'><strong>janu</strong></span> <span class='ocrx_word' id='word_1_301' title='bbox 386 2501 436 2557; x_wconf 88' lang='lat' dir='ltr'><strong>per</strong></span> <span class='ocrx_word' id='word_1_302' title='bbox 450 2488 571 2559; x_wconf 87' lang='lat' dir='ltr'><strong>quinque</strong></span> <span class='ocrx_word' id='word_1_303' title='bbox 587 2502 674 2544; x_wconf 88' lang='lat' dir='ltr'><strong>annos</strong></span> <span class='ocrx_word' id='word_1_304' title='bbox 692 2486 829 2558; x_wconf 82' lang='lat' dir='ltr'><strong>captiuum</strong></span> <span class='ocrx_word' id='word_1_305' title='bbox 844 2485 1013 2556; x_wconf 85' lang='lat' dir='ltr'><strong>detinebant,</strong></span> <span class='ocrx_word' id='word_1_306' title='bbox 1066 2496 1160 2544; x_wconf 86' lang='lat' dir='ltr'><strong>autent</strong></span> <span class='ocrx_word' id='word_1_307' title='bbox 1175 2487 1253 2545; x_wconf 75' lang='lat' dir='ltr'><strong>Poeni</strong></span> <span class='ocrx_word' id='word_1_308' title='bbox 1275 2502 1337 2544; x_wconf 88' lang='lat' dir='ltr'><strong>cum</strong></span> <span class='ocrx_word' id='word_1_309' title='bbox 1351 2488 1559 2563; x_wconf 86' lang='lat' dir='ltr'><strong>quadringentis</strong></span> <span class='ocrx_word' id='word_1_310' title='bbox 1574 2491 1692 2549; x_wconf 82' lang='lat' dir='ltr'><strong>natibus</strong></span> <span class='ocrx_word' id='word_1_311' title='bbox 1705 2494 1867 2566; x_wconf 80' lang='lat' dir='ltr'><strong>magnisque</strong></span> 
     </span>
     <span class='ocr_line' id='line_1_25' title="bbox 218 2578 1869 2653; baseline 0.007 -20"><span class='ocrx_word' id='word_1_312' title='bbox 218 2578 291 2635; x_wconf 85' lang='lat' dir='ltr'><strong>inter</strong></span> <span class='ocrx_word' id='word_1_313' title='bbox 304 2589 421 2637; x_wconf 76' lang='lat' dir='ltr'><strong>ceteros</strong></span> <span class='ocrx_word' id='word_1_314' title='bbox 440 2579 549 2652; x_wconf 89' lang='lat' dir='ltr'><strong>legatos</strong></span> <span class='ocrx_word' id='word_1_315' title='bbox 567 2581 704 2653; x_wconf 81' lang='lat' dir='ltr'><strong>praecipuo</strong></span> <span class='ocrx_word' id='word_1_316' title='bbox 725 2578 887 2636; x_wconf 91' lang='lat' dir='ltr'><strong>mittendum</strong></span> <span class='ocrx_word' id='word_1_317' title='bbox 903 2589 1015 2651; x_wconf 84' lang='lat' dir='ltr'><strong>putave-</strong></span> <span class='ocrx_word' id='word_1_318' title='bbox 1068 2580 1155 2652; x_wconf 90' lang='lat' dir='ltr'><strong>copiis</strong></span> <span class='ocrx_word' id='word_1_319' title='bbox 1170 2578 1203 2636; x_wconf 90' lang='lat' dir='ltr'><strong>ad</strong></span> <span class='ocrx_word' id='word_1_320' title='bbox 1217 2578 1356 2649; x_wconf 87' lang='lat' dir='ltr'><strong>Siciliam,</strong></span> <span class='ocrx_word' id='word_1_321' title='bbox 1380 2580 1452 2639; x_wconf 91' lang='lat' dir='ltr'><strong>duce</strong></span> <span class='ocrx_word' id='word_1_322' title='bbox 1465 2583 1592 2649; x_wconf 78' lang='lat' dir='ltr'><strong>dorsone,</strong></span> <span class='ocrx_word' id='word_1_323' title='bbox 1608 2596 1786 2643; x_wconf 86' lang='lat' dir='ltr'><strong>concurrunt.</strong></span> <span class='ocrx_word' id='word_1_324' title='bbox 1812 2586 1869 2645; x_wconf 86' lang='lat' dir='ltr'><strong>llec</strong></span> 
     </span>
    </p>
   </div>
   <div class='ocr_carea' id='block_1_6' title="bbox 216 2670 1015 2931">
    <p class='ocr_par' dir='ltr' id='par_1_8' title="bbox 216 2670 1015 2931">
     <span class='ocr_line' id='line_1_26' title="bbox 217 2670 1015 2744; baseline -0.003 -16"><span class='ocrx_word' id='word_1_325' title='bbox 217 2680 282 2728; x_wconf 80' lang='lat' dir='ltr'><strong>runt</strong></span> <span class='ocrx_word' id='word_1_326' title='bbox 297 2686 418 2743; x_wconf 92' lang='lat' dir='ltr'><strong>:quem,</strong></span> <span class='ocrx_word' id='word_1_327' title='bbox 441 2687 496 2729; x_wconf 92' lang='lat' dir='ltr'><strong>non</strong></span> <span class='ocrx_word' id='word_1_328' title='bbox 518 2672 664 2744; x_wconf 86' lang='lat' dir='ltr'><strong>impetrata</strong></span> <span class='ocrx_word' id='word_1_329' title='bbox 688 2685 769 2744; x_wconf 90' lang='lat' dir='ltr'><strong>pace,</strong></span> <span class='ocrx_word' id='word_1_330' title='bbox 782 2670 817 2727; x_wconf 89' lang='lat' dir='ltr'><strong>ab</strong></span> <span class='ocrx_word' id='word_1_331' title='bbox 832 2670 907 2727; x_wconf 82' lang='lat' dir='ltr'><strong>ltalia</strong></span> <span class='ocrx_word' id='word_1_332' title='bbox 922 2686 1015 2728; x_wconf 84' lang='lat' dir='ltr'><strong>rever·</strong></span> 
     </span>
     <span class='ocr_line' id='line_1_27' title="bbox 216 2763 1015 2838; baseline 0.005 -20"><span class='ocrx_word' id='word_1_333' title='bbox 216 2778 289 2831; x_wconf 84' lang='lat' dir='ltr'><strong>surm,</strong></span> <span class='ocrx_word' id='word_1_334' title='bbox 301 2764 312 2796; x_wconf 86' lang='lat'>⁸</span> <span class='ocrx_word' id='word_1_335' title='bbox 326 2765 441 2822; x_wconf 88' lang='lat' dir='ltr'><strong>resectis</strong></span> <span class='ocrx_word' id='word_1_336' title='bbox 460 2765 616 2838; x_wconf 87' lang='lat' dir='ltr'><strong>palpebris,</strong></span> <span class='ocrx_word' id='word_1_337' title='bbox 630 2766 763 2836; x_wconf 88' lang='lat' dir='ltr'><strong>illigatum</strong></span> <span class='ocrx_word' id='word_1_338' title='bbox 777 2766 804 2820; x_wconf 91' lang='lat' dir='ltr'><strong>in</strong></span> <span class='ocrx_word' id='word_1_339' title='bbox 816 2763 955 2833; x_wconf 86' lang='lat' dir='ltr'><strong>machina,</strong></span> <span class='ocrx_word' id='word_1_340' title='bbox 970 2766 1015 2822; x_wconf 79' lang='lat' dir='ltr'><strong>ui·</strong></span> 
     </span>
     <span class='ocr_line' id='line_1_28' title="bbox 216 2858 1013 2931; baseline 0.001 -17"><span class='ocrx_word' id='word_1_341' title='bbox 216 2859 325 2931; x_wconf 89' lang='lat' dir='ltr'><strong>gilando</strong></span> <span class='ocrx_word' id='word_1_342' title='bbox 346 2859 634 2917; x_wconf 76' lang='lat' dir='ltr'><strong>necaverun1.⁸elter</strong></span> <span class='ocrx_word' id='word_1_343' title='bbox 651 2859 750 2919; x_wconf 88' lang='lat' dir='ltr'><strong>deiude</strong></span> <span class='ocrx_word' id='word_1_344' title='bbox 769 2859 869 2917; x_wconf 81' lang='lat' dir='ltr'><strong>duilius</strong></span> <span class='ocrx_word' id='word_1_345' title='bbox 883 2858 1013 2930; x_wconf 84' lang='lat' dir='ltr'><strong>Regulus,</strong></span> 
     </span>
    </p>
   </div>
   <div class='ocr_carea' id='block_1_7' title="bbox 1067 2674 1868 2939">
    <p class='ocr_par' dir='ltr' id='par_1_9' title="bbox 1067 2674 1868 2939">
     <span class='ocr_line' id='line_1_29' title="bbox 1068 2674 1868 2745; baseline 0.01 -14"><span class='ocrx_word' id='word_1_346' title='bbox 1068 2674 1193 2731; x_wconf 85' lang='lat' dir='ltr'><strong>Lutatius</strong></span> <span class='ocrx_word' id='word_1_347' title='bbox 1205 2674 1326 2745; x_wconf 87' lang='lat' dir='ltr'><strong>segnior,</strong></span> <span class='ocrx_word' id='word_1_348' title='bbox 1341 2676 1426 2732; x_wconf 90' lang='lat' dir='ltr'><strong>immo</strong></span> <span class='ocrx_word' id='word_1_349' title='bbox 1439 2675 1555 2733; x_wconf 91' lang='lat' dir='ltr'><strong>consilia</strong></span> <span class='ocrx_word' id='word_1_350' title='bbox 1565 2677 1712 2736; x_wconf 77' lang='lat' dir='ltr'><strong>Poenorum</strong></span> <span class='ocrx_word' id='word_1_351' title='bbox 1726 2681 1868 2739; x_wconf 85' lang='lat' dir='ltr'><strong>celeritate</strong></span> 
     </span>
     <span class='ocr_line' id='line_1_30' title="bbox 1067 2767 1865 2844; baseline 0.009 -19"><span class='ocrx_word' id='word_1_352' title='bbox 1067 2769 1137 2825; x_wconf 89' lang='lat' dir='ltr'><strong>mira</strong></span> <span class='ocrx_word' id='word_1_353' title='bbox 1148 2768 1292 2840; x_wconf 73' lang='lat' dir='ltr'><strong>prevenit.</strong></span> <span class='ocrx_word' id='word_1_354' title='bbox 1317 2767 1400 2843; x_wconf 69' lang='lat' dir='ltr'><strong><em>m</em></strong></span> <span class='ocrx_word' id='word_1_355' title='bbox 1418 2770 1567 2841; x_wconf 88' lang='lat' dir='ltr'><strong>Postquam</strong></span> <span class='ocrx_word' id='word_1_356' title='bbox 1581 2774 1707 2844; x_wconf 81' lang='lat' dir='ltr'><strong>proxime</strong></span> <span class='ocrx_word' id='word_1_357' title='bbox 1723 2774 1778 2830; x_wconf 88' lang='lat' dir='ltr'><strong>sibi</strong></span> <span class='ocrx_word' id='word_1_358' title='bbox 1791 2785 1865 2832; x_wconf 85' lang='lat' dir='ltr'><strong>utto·</strong></span> 
     </span>
     <span class='ocr_line' id='line_1_31' title="bbox 1067 2859 1866 2939; baseline 0.009 -22"><span class='ocrx_word' id='word_1_359' title='bbox 1067 2875 1184 2932; x_wconf 89' lang='lat' dir='ltr'><strong>rumque</strong></span> <span class='ocrx_word' id='word_1_360' title='bbox 1207 2859 1313 2918; x_wconf 86' lang='lat' dir='ltr'><strong>classes</strong></span> <span class='ocrx_word' id='word_1_361' title='bbox 1324 2860 1346 2893; x_wconf 77' lang='lat'><strong>¹⁸</strong></span> <span class='ocrx_word' id='word_1_362' title='bbox 1357 2861 1429 2933; x_wconf 87' lang='lat' dir='ltr'><strong>apud</strong></span> <span class='ocrx_word' id='word_1_363' title='bbox 1452 2861 1705 2935; x_wconf 84' lang='lat' dir='ltr'><strong>AEgatcsinsulam,</strong></span> <span class='ocrx_word' id='word_1_364' title='bbox 1719 2882 1770 2939; x_wconf 85' lang='lat' dir='ltr'><strong>per</strong></span> <span class='ocrx_word' id='word_1_365' title='bbox 1782 2874 1866 2923; x_wconf 84' lang='lat' dir='ltr'><strong>totam</strong></span> 
     </span>
    </p>
   </div>
   <div class='ocr_carea' id='block_1_8' title="bbox 856 2969 1221 3029">
    <p class='ocr_par' dir='ltr' id='par_1_10' title="bbox 856 2969 1221 3029">
     <span class='ocr_line' id='line_1_32' title="bbox 856 2969 1221 3029; baseline 0.003 -2"><span class='ocrx_word' id='word_1_366' title='bbox 856 2969 1084 3029; x_wconf 78' lang='lat' dir='ltr'><strong>htlehctttel</strong></span> <span class='ocrx_word' id='word_1_367' title='bbox 1102 2969 1221 3028; x_wconf 77' lang='lat' dir='ltr'><strong>NO&#39;CAE.</strong></span> 
     </span>
    </p>
   </div>
   <div class='ocr_carea' id='block_1_9' title="bbox 216 3085 1014 3229">
    <p class='ocr_par' dir='ltr' id='par_1_11' title="bbox 216 3085 1014 3229">
     <span class='ocr_line' id='line_1_33' title="bbox 252 3085 1012 3160; baseline -0.003 -19"><span class='ocrx_word' id='word_1_368' title='bbox 252 3085 300 3141; x_wconf 65' lang='lat' dir='ltr'><strong>il.</strong></span> <span class='ocrx_word' id='word_1_369' title='bbox 321 3085 430 3141; x_wconf 84' lang='lat' dir='ltr'><strong>Centum</strong></span> <span class='ocrx_word' id='word_1_370' title='bbox 450 3097 475 3142; x_wconf 91' lang='lat' dir='ltr'><strong>et</strong></span> <span class='ocrx_word' id='word_1_371' title='bbox 495 3095 606 3154; x_wconf 84' lang='lat' dir='ltr'><strong>qttoluor</strong></span> <span class='ocrx_word' id='word_1_372' title='bbox 627 3087 696 3160; x_wconf 82' lang='lat' dir='ltr'><strong>capti</strong></span> <span class='ocrx_word' id='word_1_373' title='bbox 711 3093 736 3142; x_wconf 88' lang='lat' dir='ltr'><strong>et</strong></span> <span class='ocrx_word' id='word_1_374' title='bbox 749 3102 795 3157; x_wconf 85' lang='lat' dir='ltr'><strong>per</strong></span> <span class='ocrx_word' id='word_1_375' title='bbox 807 3086 917 3141; x_wconf 85' lang='lat' dir='ltr'><strong>ltoiium</strong></span> <span class='ocrx_word' id='word_1_376' title='bbox 930 3087 1012 3141; x_wconf 84' lang='lat' dir='ltr'><strong>ducti.</strong></span> 
     </span>
     <span class='ocr_line' id='line_1_34' title="bbox 216 3156 1014 3229; baseline -0.003 -16"><span class='ocrx_word' id='word_1_377' title='bbox 216 3156 246 3213; x_wconf 89' lang='lat' dir='ltr'><strong>lu</strong></span> <span class='ocrx_word' id='word_1_378' title='bbox 264 3157 395 3225; x_wconf 80' lang='lat' dir='ltr'><strong>Eutropio</strong></span> <span class='ocrx_word' id='word_1_379' title='bbox 408 3165 471 3219; x_wconf 86' lang='lat' dir='ltr'><strong>est,</strong></span> <span class='ocrx_word' id='word_1_380' title='bbox 497 3157 631 3213; x_wconf 78' lang='lat' dir='ltr'><strong>Metellum</strong></span> <span class='ocrx_word' id='word_1_381' title='bbox 657 3174 702 3229; x_wconf 83' lang='lat' dir='ltr'><strong>per</strong></span> <span class='ocrx_word' id='word_1_382' title='bbox 724 3156 832 3212; x_wconf 84' lang='lat' dir='ltr'><strong>ltaliam</strong></span> <span class='ocrx_word' id='word_1_383' title='bbox 844 3157 952 3212; x_wconf 77' lang='lat' dir='ltr'><strong>decime</strong></span> <span class='ocrx_word' id='word_1_384' title='bbox 963 3157 1014 3212; x_wconf 85' lang='lat' dir='ltr'><strong>eie-</strong></span> 
     </span>
    </p>
   </div>
   <div class='ocr_carea' id='block_1_10' title="bbox 1066 3084 1868 3232">
    <p class='ocr_par' dir='ltr' id='par_1_12' title="bbox 1066 3084 1868 3232">
     <span class='ocr_line' id='line_1_35' title="bbox 1066 3084 1868 3163; baseline 0.006 -20"><span class='ocrx_word' id='word_1_385' title='bbox 1066 3084 1136 3143; x_wconf 87' lang='lat' dir='ltr'><strong>mari</strong></span> <span class='ocrx_word' id='word_1_386' title='bbox 1147 3086 1233 3142; x_wconf 84' lang='lat' dir='ltr'><strong>uerba</strong></span> <span class='ocrx_word' id='word_1_387' title='bbox 1246 3086 1357 3153; x_wconf 85' lang='lat' dir='ltr'><strong>debere,</strong></span> <span class='ocrx_word' id='word_1_388' title='bbox 1372 3095 1463 3143; x_wconf 87' lang='lat' dir='ltr'><strong>contro</strong></span> <span class='ocrx_word' id='word_1_389' title='bbox 1475 3088 1576 3145; x_wconf 80' lang='lat' dir='ltr'><strong>hostem</strong></span> <span class='ocrx_word' id='word_1_390' title='bbox 1589 3093 1732 3163; x_wconf 74' lang='lat' dir='ltr'><strong>profectus,</strong></span> <span class='ocrx_word' id='word_1_391' title='bbox 1747 3092 1793 3147; x_wconf 78' lang='lat' dir='ltr'><strong>elai</strong></span> <span class='ocrx_word' id='word_1_392' title='bbox 1806 3108 1868 3149; x_wconf 80' lang='lat' dir='ltr'><strong>naue</strong></span> 
     </span>
     <span class='ocr_line' id='line_1_36' title="bbox 1066 3156 1865 3232; baseline 0.013 -21"><span class='ocrx_word' id='word_1_393' title='bbox 1066 3156 1424 3225; x_wconf 70' lang='lat' dir='ltr'><strong>exceptuseiussel&#39;oenorum</strong></span> <span class='ocrx_word' id='word_1_394' title='bbox 1437 3169 1462 3213; x_wconf 90' lang='lat' dir='ltr'><strong>et</strong></span> <span class='ocrx_word' id='word_1_395' title='bbox 1472 3170 1622 3232; x_wconf 85' lang='lat' dir='ltr'><strong>superatus,</strong></span> <span class='ocrx_word' id='word_1_396' title='bbox 1636 3163 1800 3232; x_wconf 81' lang='lat' dir='ltr'><strong>ipsequidem</strong></span> <span class='ocrx_word' id='word_1_397' title='bbox 1810 3174 1865 3221; x_wconf 86' lang='lat' dir='ltr'><strong>etc.</strong></span> 
     </span>
    </p>
   </div>
   <div class='ocr_carea' id='block_1_11' title="bbox 216 3226 1863 3370">
    <p class='ocr_par' dir='ltr' id='par_1_13' title="bbox 216 3226 1863 3370">
     <span class='ocr_line' id='line_1_37' title="bbox 217 3226 1863 3301; baseline 0.005 -20"><span class='ocrx_word' id='word_1_398' title='bbox 217 3227 328 3296; x_wconf 72' lang='grc' dir='ltr'><strong>ιιιιιιιι</strong></span> <span class='ocrx_word' id='word_1_399' title='bbox 350 3230 411 3285; x_wconf 69' lang='lat' dir='ltr'><strong>lob.</strong></span> <span class='ocrx_word' id='word_1_400' title='bbox 431 3228 500 3285; x_wconf 90' lang='lat' dir='ltr'><strong>Plin.</strong></span> <span class='ocrx_word' id='word_1_401' title='bbox 520 3229 568 3284; x_wconf 89' lang='lat' dir='ltr'><strong>lib.</strong></span> <span class='ocrx_word' id='word_1_402' title='bbox 584 3243 645 3297; x_wconf 86' lang='lat' dir='ltr'><strong>utu,</strong></span> <span class='ocrx_word' id='word_1_403' title='bbox 660 3244 686 3284; x_wconf 93' lang='lat' dir='ltr'><strong>c.</strong></span> <span class='ocrx_word' id='word_1_404' title='bbox 702 3228 719 3285; x_wconf 84' lang='lat' dir='ltr'><strong>b</strong></span> <span class='ocrx_word' id='word_1_405' title='bbox 733 3228 828 3285; x_wconf 88' lang='lat' dir='ltr'><strong>scribit</strong></span> <span class='ocrx_word' id='word_1_406' title='bbox 841 3227 974 3283; x_wconf 73' lang='lat' dir='ltr'><strong>Metellum</strong></span> <span class='ocrx_word' id='word_1_407' title='bbox 986 3228 1014 3282; x_wconf 87' lang='lat' dir='ltr'><strong>in</strong></span> <span class='ocrx_word' id='word_1_408' title='bbox 1067 3226 1121 3282; x_wconf 89' lang='lat' dir='ltr'><strong>Pro</strong></span> <span class='ocrx_word' id='word_1_409' title='bbox 1135 3236 1258 3295; x_wconf 73' lang='lat' dir='ltr'><strong>exceptus</strong></span> <span class='ocrx_word' id='word_1_410' title='bbox 1271 3230 1299 3284; x_wconf 89' lang='lat' dir='ltr'><strong>in</strong></span> <span class='ocrx_word' id='word_1_411' title='bbox 1314 3227 1402 3301; x_wconf 79' lang='lat' dir='ltr'><strong>bugd.</strong></span> <span class='ocrx_word' id='word_1_412' title='bbox 1416 3227 1489 3285; x_wconf 89' lang='lat' dir='ltr'><strong>Batt.</strong></span> <span class='ocrx_word' id='word_1_413' title='bbox 1506 3229 1594 3288; x_wconf 89' lang='lat' dir='ltr'><strong>tribus</strong></span> <span class='ocrx_word' id='word_1_414' title='bbox 1609 3241 1639 3288; x_wconf 85' lang='lat' dir='ltr'><strong>et</strong></span> <span class='ocrx_word' id='word_1_415' title='bbox 1657 3232 1726 3289; x_wconf 92' lang='lat' dir='ltr'><strong>Coll.</strong></span> <span class='ocrx_word' id='word_1_416' title='bbox 1740 3233 1863 3291; x_wconf 79' lang='lat' dir='ltr'><strong>Gronov.</strong></span> 
     </span>
     <span class='ocr_line' id='line_1_38' title="bbox 216 3295 1252 3370; baseline -0.001 -16"><span class='ocrx_word' id='word_1_417' title='bbox 216 3298 325 3354; x_wconf 79' lang='lat' dir='ltr'><strong>italiam</strong></span> <span class='ocrx_word' id='word_1_418' title='bbox 340 3301 512 3355; x_wconf 74' lang='lat' dir='ltr'><strong>transvexisse</strong></span> <span class='ocrx_word' id='word_1_419' title='bbox 524 3299 586 3355; x_wconf 71' lang='lat' dir='ltr'><strong>lli.</strong></span> <span class='ocrx_word' id='word_1_420' title='bbox 605 3302 637 3354; x_wconf 79' lang='lat' dir='ltr'><strong>dt</strong></span> <span class='ocrx_word' id='word_1_421' title='bbox 650 3300 677 3354; x_wconf 89' lang='lat' dir='ltr'><strong>in</strong></span> <span class='ocrx_word' id='word_1_422' title='bbox 693 3298 837 3370; x_wconf 82' lang='lat' dir='ltr'><strong>lipitoma,</strong></span> <span class='ocrx_word' id='word_1_423' title='bbox 854 3297 902 3354; x_wconf 89' lang='lat' dir='ltr'><strong>lib.</strong></span> <span class='ocrx_word' id='word_1_424' title='bbox 918 3314 964 3354; x_wconf 91' lang='grc' dir='ltr'><strong>ιιι</strong></span> <span class='ocrx_word' id='word_1_425' title='bbox 980 3299 1013 3355; x_wconf 84' lang='grc' dir='ltr'><strong>Ιι·</strong></span> <span class='ocrx_word' id='word_1_426' title='bbox 1027 3295 1052 3362; x_wconf 82' lang='lat' dir='ltr'><strong>C</strong></span> <span class='ocrx_word' id='word_1_427' title='bbox 1066 3307 1109 3355; x_wconf 91' lang='lat' dir='ltr'><strong>est</strong></span> <span class='ocrx_word' id='word_1_428' title='bbox 1121 3307 1252 3370; x_wconf 84' lang='lat' dir='ltr'><strong>aceeptus.</strong></span> 
     </span>
    </p>
   </div>
   <div class='ocr_carea' id='block_1_12' title="bbox 216 3368 899 3442">
    <p class='ocr_par' dir='ltr' id='par_1_14' title="bbox 216 3368 899 3442">
     <span class='ocr_line' id='line_1_39' title="bbox 216 3368 899 3442; baseline -0.001 -18"><span class='ocrx_word' id='word_1_429' title='bbox 216 3370 308 3442; x_wconf 82' lang='lat' dir='ltr'><strong>glutus</strong></span> <span class='ocrx_word' id='word_1_430' title='bbox 318 3368 345 3424; x_wconf 89' lang='lat' dir='ltr'><strong>in</strong></span> <span class='ocrx_word' id='word_1_431' title='bbox 359 3370 458 3427; x_wconf 87' lang='lat' dir='ltr'><strong>blelelli</strong></span> <span class='ocrx_word' id='word_1_432' title='bbox 474 3370 612 3442; x_wconf 85' lang='lat' dir='ltr'><strong>triumpho</strong></span> <span class='ocrx_word' id='word_1_433' title='bbox 627 3370 723 3426; x_wconf 85' lang='lat' dir='ltr'><strong>ductos</strong></span> <span class='ocrx_word' id='word_1_434' title='bbox 737 3371 800 3425; x_wconf 70' lang='grc' dir='ltr'><strong>ιιι).</strong></span> <span class='ocrx_word' id='word_1_435' title='bbox 815 3368 899 3425; x_wconf 81' lang='lat' dir='ltr'><strong>Fran.</strong></span> 
     </span>
    </p>
   </div>
   <div class='ocr_carea' id='block_1_13' title="bbox 1101 3367 1865 3448">
    <p class='ocr_par' dir='ltr' id='par_1_15' title="bbox 1101 3367 1865 3448">
     <span class='ocr_line' id='line_1_40' title="bbox 1101 3367 1865 3448; baseline 0.009 -23"><span class='ocrx_word' id='word_1_436' title='bbox 1101 3369 1127 3425; x_wconf 84' lang='grc'><strong>9.</strong></span> <span class='ocrx_word' id='word_1_437' title='bbox 1149 3367 1282 3442; x_wconf 72' lang='lat' dir='ltr'><strong>Confugit.</strong></span> <span class='ocrx_word' id='word_1_438' title='bbox 1309 3367 1404 3435; x_wconf 83' lang='lat' dir='ltr'><strong>bleus,</strong></span> <span class='ocrx_word' id='word_1_439' title='bbox 1429 3370 1557 3444; x_wconf 71' lang='lat' dir='ltr'><strong>profugit,</strong></span> <span class='ocrx_word' id='word_1_440' title='bbox 1582 3380 1611 3429; x_wconf 91' lang='lat' dir='ltr'><strong>et</strong></span> <span class='ocrx_word' id='word_1_441' title='bbox 1631 3385 1696 3428; x_wconf 83' lang='lat' dir='ltr'><strong>mox</strong></span> <span class='ocrx_word' id='word_1_442' title='bbox 1708 3388 1800 3430; x_wconf 81' lang='lat' dir='ltr'><strong>merae</strong></span> <span class='ocrx_word' id='word_1_443' title='bbox 1813 3390 1865 3448; x_wconf 84' lang='lat' dir='ltr'><strong>pro</strong></span> 
     </span>
    </p>
   </div>
   <div class='ocr_carea' id='block_1_14' title="bbox 214 3439 1869 5433">
    <p class='ocr_par' dir='ltr' id='par_1_16' title="bbox 219 3439 1863 3584">
     <span class='ocr_line' id='line_1_41' title="bbox 252 3439 1863 3517; baseline 0.004 -20"><span class='ocrx_word' id='word_1_444' title='bbox 252 3440 318 3497; x_wconf 84' lang='lat' dir='ltr'><strong>Cae.</strong></span> <span class='ocrx_word' id='word_1_445' title='bbox 331 3439 366 3497; x_wconf 74' lang='grc' dir='ltr'><strong>Σ.</strong></span> <span class='ocrx_word' id='word_1_446' title='bbox 378 3471 414 3482; x_wconf 93' lang='grc'><strong>-</strong></span> <span class='ocrx_word' id='word_1_447' title='bbox 427 3443 454 3498; x_wconf 89' lang='lat' dir='ltr'><strong>l.</strong></span> <span class='ocrx_word' id='word_1_448' title='bbox 472 3442 513 3496; x_wconf 83' lang='grc' dir='ltr'><strong>Αι</strong></span> <span class='ocrx_word' id='word_1_449' title='bbox 524 3458 602 3513; x_wconf 87' lang='lat' dir='ltr'><strong>quom</strong></span> <span class='ocrx_word' id='word_1_450' title='bbox 615 3456 669 3495; x_wconf 86' lang='lat' dir='ltr'><strong>rent</strong></span> <span class='ocrx_word' id='word_1_451' title='bbox 684 3440 801 3496; x_wconf 84' lang='lat' dir='ltr'><strong>Atilium.</strong></span> <span class='ocrx_word' id='word_1_452' title='bbox 829 3439 913 3497; x_wconf 81' lang='lat' dir='ltr'><strong>licus</strong></span> <span class='ocrx_word' id='word_1_453' title='bbox 927 3454 943 3495; x_wconf 88' lang='lat' dir='ltr'><strong>a</strong></span> <span class='ocrx_word' id='word_1_454' title='bbox 958 3439 1014 3496; x_wconf 88' lang='lat' dir='ltr'><strong>ble-</strong></span> <span class='ocrx_word' id='word_1_455' title='bbox 1065 3440 1198 3495; x_wconf 79' lang='grc' dir='ltr'><strong>ιιιιιιιι.</strong></span> <span class='ocrx_word' id='word_1_456' title='bbox 1213 3440 1264 3496; x_wconf 83' lang='grc' dir='ltr'><strong>Ει.</strong></span> <span class='ocrx_word' id='word_1_457' title='bbox 1279 3439 1350 3511; x_wconf 88' lang='lat' dir='ltr'><strong>dag.</strong></span> <span class='ocrx_word' id='word_1_458' title='bbox 1373 3441 1499 3500; x_wconf 72' lang='lat' dir='ltr'><strong>demerso</strong></span> <span class='ocrx_word' id='word_1_459' title='bbox 1515 3451 1585 3499; x_wconf 80' lang='grc' dir='ltr'><strong>ιιιι.</strong></span> <span class='ocrx_word' id='word_1_460' title='bbox 1602 3442 1657 3500; x_wconf 87' lang='lat' dir='ltr'><strong>Pro</strong></span> <span class='ocrx_word' id='word_1_461' title='bbox 1672 3448 1822 3517; x_wconf 71' lang='lat' dir='ltr'><strong>reinduatur</strong></span> <span class='ocrx_word' id='word_1_462' title='bbox 1834 3447 1863 3505; x_wconf 88' lang='lat' dir='ltr'><strong>in</strong></span> 
     </span>
     <span class='ocr_line' id='line_1_42' title="bbox 219 3510 1268 3584; baseline -0.001 -17"><span class='ocrx_word' id='word_1_463' title='bbox 219 3514 285 3568; x_wconf 90' lang='lat' dir='ltr'><strong>tello</strong></span> <span class='ocrx_word' id='word_1_464' title='bbox 296 3510 710 3584; x_wconf 82' lang='lat' dir='ltr'><strong>Carthaginiensibus,Regulus</strong></span> <span class='ocrx_word' id='word_1_465' title='bbox 721 3510 876 3567; x_wconf 82' lang='lat' dir='ltr'><strong>Rornamad</strong></span> <span class='ocrx_word' id='word_1_466' title='bbox 888 3520 1013 3567; x_wconf 89' lang='lat' dir='ltr'><strong>senatum</strong></span> <span class='ocrx_word' id='word_1_467' title='bbox 1065 3510 1126 3566; x_wconf 81' lang='lat' dir='ltr'><strong>lieo</strong></span> <span class='ocrx_word' id='word_1_468' title='bbox 1140 3512 1268 3581; x_wconf 70' lang='lat' dir='ltr'><strong>suuntur.</strong></span> 
     </span>
    </p>

    <p class='ocr_par' dir='ltr' id='par_1_17' title="bbox 216 3579 1863 3655">
     <span class='ocr_line' id='line_1_43' title="bbox 216 3579 1863 3655; baseline 0.004 -18"><span class='ocrx_word' id='word_1_469' title='bbox 216 3586 318 3639; x_wconf 83' lang='lat' dir='ltr'><strong>unissus</strong></span> <span class='ocrx_word' id='word_1_470' title='bbox 329 3584 448 3653; x_wconf 73' lang='lat' dir='ltr'><strong>istratus,</strong></span> <span class='ocrx_word' id='word_1_471' title='bbox 462 3593 490 3639; x_wconf 90' lang='lat' dir='ltr'><strong>et</strong></span> <span class='ocrx_word' id='word_1_472' title='bbox 504 3585 627 3653; x_wconf 91' lang='lat' dir='ltr'><strong>captivos</strong></span> <span class='ocrx_word' id='word_1_473' title='bbox 641 3582 795 3639; x_wconf 88' lang='lat' dir='ltr'><strong>reddendos</strong></span> <span class='ocrx_word' id='word_1_474' title='bbox 810 3583 933 3649; x_wconf 77' lang='lat' dir='ltr'><strong>negauit,</strong></span> <span class='ocrx_word' id='word_1_475' title='bbox 949 3579 1014 3637; x_wconf 92' lang='lat' dir='ltr'><strong>Car·</strong></span> <span class='ocrx_word' id='word_1_476' title='bbox 1103 3581 1147 3638; x_wconf 88' lang='lat' dir='ltr'><strong>lb.</strong></span> <span class='ocrx_word' id='word_1_477' title='bbox 1167 3582 1243 3638; x_wconf 77' lang='lat' dir='ltr'><strong>dano</strong></span> <span class='ocrx_word' id='word_1_478' title='bbox 1258 3584 1336 3638; x_wconf 88' lang='lat' dir='ltr'><strong>etium</strong></span> <span class='ocrx_word' id='word_1_479' title='bbox 1357 3585 1529 3655; x_wconf 76' lang='lat' dir='ltr'><strong>consequenti.</strong></span> <span class='ocrx_word' id='word_1_480' title='bbox 1556 3584 1619 3641; x_wconf 81' lang='lat' dir='ltr'><strong>llaec</strong></span> <span class='ocrx_word' id='word_1_481' title='bbox 1640 3601 1655 3641; x_wconf 92' lang='lat' dir='ltr'><strong>a</strong></span> <span class='ocrx_word' id='word_1_482' title='bbox 1672 3586 1792 3645; x_wconf 84' lang='lat' dir='ltr'><strong>Diacono</strong></span> <span class='ocrx_word' id='word_1_483' title='bbox 1806 3588 1863 3646; x_wconf 83' lang='lat' dir='ltr'><strong>llu-</strong></span> 
     </span>
    </p>

    <p class='ocr_par' dir='ltr' id='par_1_18' title="bbox 220 3652 1864 3731">
     <span class='ocr_line' id='line_1_44' title="bbox 220 3652 1864 3731; baseline 0.005 -23"><span class='ocrx_word' id='word_1_484' title='bbox 220 3653 413 3725; x_wconf 81' lang='lat' dir='ltr'><strong>thaginemque</strong></span> <span class='ocrx_word' id='word_1_485' title='bbox 423 3656 457 3711; x_wconf 87' lang='lat' dir='ltr'><strong>ad</strong></span> <span class='ocrx_word' id='word_1_486' title='bbox 470 3654 632 3720; x_wconf 85' lang='lat' dir='ltr'><strong>supplicium</strong></span> <span class='ocrx_word' id='word_1_487' title='bbox 646 3654 728 3711; x_wconf 79' lang='lat' dir='ltr'><strong>rediit</strong></span> <span class='ocrx_word' id='word_1_488' title='bbox 739 3695 748 3719; x_wconf 94' lang='lat'><strong>,</strong></span> <span class='ocrx_word' id='word_1_489' title='bbox 761 3669 814 3723; x_wconf 90' lang='lat' dir='ltr'><strong>qua</strong></span> <span class='ocrx_word' id='word_1_490' title='bbox 829 3653 863 3707; x_wconf 88' lang='lat' dir='ltr'><strong>de</strong></span> <span class='ocrx_word' id='word_1_491' title='bbox 877 3669 907 3709; x_wconf 87' lang='lat' dir='ltr'><strong>re</strong></span> <span class='ocrx_word' id='word_1_492' title='bbox 922 3652 1014 3721; x_wconf 89' lang='lat' dir='ltr'><strong>dispu-</strong></span> <span class='ocrx_word' id='word_1_493' title='bbox 1065 3652 1148 3722; x_wconf 89' lang='lat' dir='ltr'><strong>tropii</strong></span> <span class='ocrx_word' id='word_1_494' title='bbox 1161 3652 1282 3710; x_wconf 83' lang='lat' dir='ltr'><strong>bistorise</strong></span> <span class='ocrx_word' id='word_1_495' title='bbox 1301 3654 1404 3711; x_wconf 87' lang='lat' dir='ltr'><strong>inserto</strong></span> <span class='ocrx_word' id='word_1_496' title='bbox 1417 3671 1467 3728; x_wconf 89' lang='lat' dir='ltr'><strong>pro</strong></span> <span class='ocrx_word' id='word_1_497' title='bbox 1481 3654 1657 3727; x_wconf 82' lang='lat' dir='ltr'><strong>Eutropianis</strong></span> <span class='ocrx_word' id='word_1_498' title='bbox 1672 3658 1753 3729; x_wconf 90' lang='lat' dir='ltr'><strong>uulgo</strong></span> <span class='ocrx_word' id='word_1_499' title='bbox 1768 3659 1864 3731; x_wconf 87' lang='lat' dir='ltr'><strong>legun·</strong></span> 
     </span>
    </p>

    <p class='ocr_par' dir='ltr' id='par_1_19' title="bbox 216 3722 1222 3797">
     <span class='ocr_line' id='line_1_45' title="bbox 216 3722 1222 3797; baseline -0.001 -16"><span class='ocrx_word' id='word_1_500' title='bbox 216 3733 256 3781; x_wconf 84' lang='lat' dir='ltr'><strong>tat</strong></span> <span class='ocrx_word' id='word_1_501' title='bbox 269 3724 330 3781; x_wconf 88' lang='lat' dir='ltr'><strong>Cic.</strong></span> <span class='ocrx_word' id='word_1_502' title='bbox 347 3725 395 3782; x_wconf 87' lang='lat' dir='ltr'><strong>lib.</strong></span> <span class='ocrx_word' id='word_1_503' title='bbox 413 3742 442 3782; x_wconf 91' lang='lat' dir='ltr'><strong>tn</strong></span> <span class='ocrx_word' id='word_1_504' title='bbox 455 3726 489 3780; x_wconf 88' lang='lat' dir='ltr'><strong>do</strong></span> <span class='ocrx_word' id='word_1_505' title='bbox 503 3725 582 3782; x_wconf 88' lang='lat' dir='ltr'><strong>Ollio.</strong></span> <span class='ocrx_word' id='word_1_506' title='bbox 605 3725 751 3797; x_wconf 85' lang='lat' dir='ltr'><strong>multisque</strong></span> <span class='ocrx_word' id='word_1_507' title='bbox 773 3724 835 3779; x_wconf 90' lang='lat' dir='ltr'><strong>aliis</strong></span> <span class='ocrx_word' id='word_1_508' title='bbox 857 3722 923 3780; x_wconf 83' lang='lat' dir='ltr'><strong>locis</strong></span> <span class='ocrx_word' id='word_1_509' title='bbox 938 3740 1013 3779; x_wconf 88' lang='lat' dir='ltr'><strong>rnen-</strong></span> <span class='ocrx_word' id='word_1_510' title='bbox 1065 3728 1120 3778; x_wconf 94' lang='grc' dir='ltr'><strong>ιιι.</strong></span> <span class='ocrx_word' id='word_1_511' title='bbox 1137 3723 1222 3780; x_wconf 85' lang='lat' dir='ltr'><strong>l&#39;tsu.</strong></span> 
     </span>
    </p>

    <p class='ocr_par' dir='ltr' id='par_1_20' title="bbox 217 3794 1863 3869">
     <span class='ocr_line' id='line_1_46' title="bbox 217 3794 1863 3869; baseline 0.005 -20"><span class='ocrx_word' id='word_1_512' title='bbox 217 3798 321 3851; x_wconf 90' lang='lat' dir='ltr'><strong>tionem</strong></span> <span class='ocrx_word' id='word_1_513' title='bbox 338 3795 410 3853; x_wconf 83' lang='lat' dir='ltr'><strong>lacit.</strong></span> <span class='ocrx_word' id='word_1_514' title='bbox 431 3797 501 3854; x_wconf 84' lang='lat' dir='ltr'><strong>lide</strong></span> <span class='ocrx_word' id='word_1_515' title='bbox 525 3795 632 3853; x_wconf 87' lang='lat' dir='ltr'><strong>Livium</strong></span> <span class='ocrx_word' id='word_1_516' title='bbox 650 3795 699 3852; x_wconf 87' lang='lat' dir='ltr'><strong>lib.</strong></span> <span class='ocrx_word' id='word_1_517' title='bbox 715 3810 790 3862; x_wconf 83' lang='lat' dir='ltr'><strong>nutat,</strong></span> <span class='ocrx_word' id='word_1_518' title='bbox 807 3794 968 3861; x_wconf 85' lang='lat' dir='ltr'><strong>Eutropium</strong></span> <span class='ocrx_word' id='word_1_519' title='bbox 982 3809 1011 3861; x_wconf 89' lang='lat' dir='ltr'><strong>tr,</strong></span> <span class='ocrx_word' id='word_1_520' title='bbox 1101 3794 1146 3848; x_wconf 89' lang='lat' dir='ltr'><strong>il.</strong></span> <span class='ocrx_word' id='word_1_521' title='bbox 1166 3794 1350 3864; x_wconf 83' lang='lat' dir='ltr'><strong>Comequenti.</strong></span> <span class='ocrx_word' id='word_1_522' title='bbox 1376 3798 1445 3855; x_wconf 86' lang='lat' dir='ltr'><strong>Tres</strong></span> <span class='ocrx_word' id='word_1_523' title='bbox 1464 3811 1500 3853; x_wconf 85' lang='lat' dir='ltr'><strong>ex</strong></span> <span class='ocrx_word' id='word_1_524' title='bbox 1521 3796 1609 3869; x_wconf 81' lang='lat' dir='ltr'><strong>bugd.</strong></span> <span class='ocrx_word' id='word_1_525' title='bbox 1624 3798 1698 3854; x_wconf 86' lang='lat' dir='ltr'><strong>Butt.</strong></span> <span class='ocrx_word' id='word_1_526' title='bbox 1714 3813 1777 3854; x_wconf 89' lang='lat' dir='ltr'><strong>cum</strong></span> <span class='ocrx_word' id='word_1_527' title='bbox 1792 3799 1863 3857; x_wconf 86' lang='lat' dir='ltr'><strong>Call.</strong></span> 
     </span>
    </p>

    <p class='ocr_par' dir='ltr' id='par_1_21' title="bbox 217 3863 1338 3940">
     <span class='ocr_line' id='line_1_47' title="bbox 217 3863 1338 3940; baseline 0.003 -21"><span class='ocrx_word' id='word_1_528' title='bbox 217 3867 356 3925; x_wconf 89' lang='lat' dir='ltr'><strong>llalerium</strong></span> <span class='ocrx_word' id='word_1_529' title='bbox 376 3882 461 3940; x_wconf 87' lang='lat' dir='ltr'><strong>tcap.</strong></span> <span class='ocrx_word' id='word_1_530' title='bbox 474 3870 503 3936; x_wconf 91' lang='lat' dir='ltr'><strong>l,</strong></span> <span class='ocrx_word' id='word_1_531' title='bbox 522 3868 591 3926; x_wconf 86' lang='lat' dir='ltr'><strong>Geli.</strong></span> <span class='ocrx_word' id='word_1_532' title='bbox 614 3884 641 3924; x_wconf 86' lang='grc' dir='ltr'><strong>ιι</strong></span> <span class='ocrx_word' id='word_1_533' title='bbox 665 3882 727 3940; x_wconf 86' lang='lat' dir='ltr'><strong>cap.</strong></span> <span class='ocrx_word' id='word_1_534' title='bbox 739 3868 769 3935; x_wconf 80' lang='lat' dir='ltr'><strong>l,</strong></span> <span class='ocrx_word' id='word_1_535' title='bbox 785 3868 879 3921; x_wconf 89' lang='lat' dir='ltr'><strong>llorut.</strong></span> <span class='ocrx_word' id='word_1_536' title='bbox 896 3866 958 3922; x_wconf 88' lang='lat' dir='ltr'><strong>libr.</strong></span> <span class='ocrx_word' id='word_1_537' title='bbox 973 3880 1013 3935; x_wconf 89' lang='grc' dir='ltr'><strong>ιιι,</strong></span> <span class='ocrx_word' id='word_1_538' title='bbox 1064 3863 1198 3933; x_wconf 73' lang='lat' dir='ltr'><strong>Gronov,</strong></span> <span class='ocrx_word' id='word_1_539' title='bbox 1213 3869 1338 3934; x_wconf 80' lang='lat' dir='ltr'><strong>sequenti.</strong></span> 
     </span>
    </p>

    <p class='ocr_par' dir='ltr' id='par_1_22' title="bbox 216 3933 1865 4154">
     <span class='ocr_line' id='line_1_48' title="bbox 216 3933 1862 4003; baseline 0 -9"><span class='ocrx_word' id='word_1_540' title='bbox 216 3938 310 3995; x_wconf 82' lang='lat' dir='ltr'><strong>Caum.</strong></span> <span class='ocrx_word' id='word_1_541' title='bbox 326 3937 378 3993; x_wconf 86' lang='lat' dir='ltr'><strong>oda</strong></span> <span class='ocrx_word' id='word_1_542' title='bbox 395 3940 423 4003; x_wconf 80' lang='lat'><strong>5,</strong></span> <span class='ocrx_word' id='word_1_543' title='bbox 439 3939 535 3995; x_wconf 87' lang='lat' dir='ltr'><strong>Silium</strong></span> <span class='ocrx_word' id='word_1_544' title='bbox 550 3938 597 3994; x_wconf 91' lang='lat' dir='ltr'><strong>lib.</strong></span> <span class='ocrx_word' id='word_1_545' title='bbox 611 3955 649 3995; x_wconf 88' lang='grc' dir='ltr'><strong>ιι.</strong></span> <span class='ocrx_word' id='word_1_546' title='bbox 666 3937 749 3995; x_wconf 79' lang='lat' dir='ltr'><strong>Facu.</strong></span> <span class='ocrx_word' id='word_1_547' title='bbox 1102 3934 1149 3990; x_wconf 73' lang='lat' dir='ltr'><strong>ta.</strong></span> <span class='ocrx_word' id='word_1_548' title='bbox 1170 3933 1291 3991; x_wconf 77' lang='lat' dir='ltr'><strong>butotius</strong></span> <span class='ocrx_word' id='word_1_549' title='bbox 1314 3955 1373 3993; x_wconf 87' lang='lat' dir='ltr'><strong>eum</strong></span> <span class='ocrx_word' id='word_1_550' title='bbox 1392 3936 1477 3992; x_wconf 84' lang='lat' dir='ltr'><strong>elcese</strong></span> <span class='ocrx_word' id='word_1_551' title='bbox 1496 3945 1667 3992; x_wconf 80' lang='lat' dir='ltr'><strong>trecentorum</strong></span> <span class='ocrx_word' id='word_1_552' title='bbox 1688 3938 1804 3995; x_wconf 72' lang='lat' dir='ltr'><strong>numum.</strong></span> <span class='ocrx_word' id='word_1_553' title='bbox 1828 3939 1862 3997; x_wconf 91' lang='lat' dir='ltr'><strong>C.</strong></span> 
     </span>
     <span class='ocr_line' id='line_1_49' title="bbox 252 4005 1864 4079; baseline 0 -14"><span class='ocrx_word' id='word_1_554' title='bbox 252 4011 283 4065; x_wconf 72' lang='grc' dir='ltr'><strong>Ξ.</strong></span> <span class='ocrx_word' id='word_1_555' title='bbox 303 4008 462 4067; x_wconf 78' lang='lat' dir='ltr'><strong>Romanum.</strong></span> <span class='ocrx_word' id='word_1_556' title='bbox 480 4010 531 4066; x_wconf 81' lang='lat' dir='ltr'><strong>Ed.</strong></span> <span class='ocrx_word' id='word_1_557' title='bbox 546 4011 674 4079; x_wconf 61' lang='lat' dir='ltr'><strong>August„</strong></span> <span class='ocrx_word' id='word_1_558' title='bbox 692 4009 878 4065; x_wconf 76' lang='lat' dir='ltr'><strong>donandorum.</strong></span> <span class='ocrx_word' id='word_1_559' title='bbox 1068 4005 1194 4062; x_wconf 80' lang='lat' dir='ltr'><strong>Lutatius</strong></span> <span class='ocrx_word' id='word_1_560' title='bbox 1207 4007 1320 4063; x_wconf 86' lang='lat' dir='ltr'><strong>Catulus</strong></span> <span class='ocrx_word' id='word_1_561' title='bbox 1339 4024 1398 4065; x_wconf 89' lang='lat' dir='ltr'><strong>cos.</strong></span> <span class='ocrx_word' id='word_1_562' title='bbox 1418 4022 1480 4064; x_wconf 92' lang='lat' dir='ltr'><strong>cum</strong></span> <span class='ocrx_word' id='word_1_563' title='bbox 1492 4008 1526 4065; x_wconf 83' lang='lat' dir='ltr'><strong>d.</strong></span> <span class='ocrx_word' id='word_1_564' title='bbox 1543 4008 1683 4064; x_wconf 89' lang='lat' dir='ltr'><strong>Postumio</strong></span> <span class='ocrx_word' id='word_1_565' title='bbox 1698 4009 1799 4066; x_wconf 76' lang='lat' dir='ltr'><strong>Albino</strong></span> <span class='ocrx_word' id='word_1_566' title='bbox 1811 4010 1864 4067; x_wconf 89' lang='lat' dir='ltr'><strong>iuit</strong></span> 
     </span>
     <span class='ocr_line' id='line_1_50' title="bbox 252 4078 1865 4154; baseline 0 -18"><span class='ocrx_word' id='word_1_567' title='bbox 252 4081 280 4136; x_wconf 75' lang='grc'><strong>5.</strong></span> <span class='ocrx_word' id='word_1_568' title='bbox 301 4081 416 4137; x_wconf 86' lang='lat' dir='ltr'><strong>iieaectis</strong></span> <span class='ocrx_word' id='word_1_569' title='bbox 425 4082 566 4154; x_wconf 82' lang='lat' dir='ltr'><strong>palpebris.</strong></span> <span class='ocrx_word' id='word_1_570' title='bbox 581 4082 667 4137; x_wconf 87' lang='lat' dir='ltr'><strong>Verbo</strong></span> <span class='ocrx_word' id='word_1_571' title='bbox 680 4091 744 4136; x_wconf 90' lang='lat' dir='ltr'><strong>sunt</strong></span> <span class='ocrx_word' id='word_1_572' title='bbox 755 4079 893 4136; x_wconf 75' lang='lat' dir='ltr'><strong>Ciceronis</strong></span> <span class='ocrx_word' id='word_1_573' title='bbox 904 4079 1013 4146; x_wconf 90' lang='lat' dir='ltr'><strong>desup-</strong></span> <span class='ocrx_word' id='word_1_574' title='bbox 1068 4090 1142 4132; x_wconf 86' lang='lat' dir='ltr'><strong>anno</strong></span> <span class='ocrx_word' id='word_1_575' title='bbox 1163 4078 1198 4132; x_wconf 93' lang='lat' dir='ltr'><strong>ab</strong></span> <span class='ocrx_word' id='word_1_576' title='bbox 1213 4078 1261 4134; x_wconf 91' lang='lat' dir='ltr'><strong>Ur.</strong></span> <span class='ocrx_word' id='word_1_577' title='bbox 1285 4094 1349 4135; x_wconf 91' lang='lat' dir='ltr'><strong>con.</strong></span> <span class='ocrx_word' id='word_1_578' title='bbox 1369 4091 1425 4136; x_wconf 86' lang='grc' dir='ltr'><strong>ιιι.</strong></span> <span class='ocrx_word' id='word_1_579' title='bbox 1440 4078 1565 4136; x_wconf 60' lang='lat' dir='ltr'><strong>&amp;trullam</strong></span> <span class='ocrx_word' id='word_1_580' title='bbox 1577 4094 1638 4135; x_wconf 86' lang='lat' dir='ltr'><strong>curn</strong></span> <span class='ocrx_word' id='word_1_581' title='bbox 1655 4080 1737 4137; x_wconf 88' lang='lat' dir='ltr'><strong>ciusse</strong></span> <span class='ocrx_word' id='word_1_582' title='bbox 1751 4081 1804 4139; x_wconf 75' lang='grc' dir='ltr'><strong>ὅθι</strong></span> <span class='ocrx_word' id='word_1_583' title='bbox 1816 4098 1865 4137; x_wconf 86' lang='lat' dir='ltr'><strong>nu-</strong></span> 
     </span>
    </p>

    <p class='ocr_par' dir='ltr' id='par_1_23' title="bbox 217 4148 1865 4222">
     <span class='ocr_line' id='line_1_51' title="bbox 217 4148 1865 4222; baseline 0.003 -17"><span class='ocrx_word' id='word_1_584' title='bbox 217 4150 301 4219; x_wconf 84' lang='lat' dir='ltr'><strong>plicio</strong></span> <span class='ocrx_word' id='word_1_585' title='bbox 326 4151 421 4222; x_wconf 75' lang='lat' dir='ltr'><strong>Regilli</strong></span> <span class='ocrx_word' id='word_1_586' title='bbox 446 4152 475 4208; x_wconf 90' lang='lat' dir='ltr'><strong>in</strong></span> <span class='ocrx_word' id='word_1_587' title='bbox 494 4161 565 4208; x_wconf 88' lang='lat' dir='ltr'><strong>orat.</strong></span> <span class='ocrx_word' id='word_1_588' title='bbox 588 4151 615 4208; x_wconf 92' lang='lat' dir='ltr'><strong>in</strong></span> <span class='ocrx_word' id='word_1_589' title='bbox 641 4153 779 4208; x_wconf 85' lang='lat' dir='ltr'><strong>Pisonem.</strong></span> <span class='ocrx_word' id='word_1_590' title='bbox 804 4149 880 4219; x_wconf 79' lang='lat' dir='ltr'><strong>Quod</strong></span> <span class='ocrx_word' id='word_1_591' title='bbox 897 4166 963 4205; x_wconf 84' lang='lat' dir='ltr'><strong>uero</strong></span> <span class='ocrx_word' id='word_1_592' title='bbox 976 4151 1013 4205; x_wconf 88' lang='lat' dir='ltr'><strong>ll.</strong></span> <span class='ocrx_word' id='word_1_593' title='bbox 1067 4148 1137 4202; x_wconf 85' lang='lat' dir='ltr'><strong>oium</strong></span> <span class='ocrx_word' id='word_1_594' title='bbox 1153 4158 1326 4205; x_wconf 84' lang='lat' dir='ltr'><strong>transuectum</strong></span> <span class='ocrx_word' id='word_1_595' title='bbox 1341 4167 1374 4207; x_wconf 84' lang='lat' dir='ltr'><strong>ex</strong></span> <span class='ocrx_word' id='word_1_596' title='bbox 1391 4152 1504 4207; x_wconf 85' lang='lat' dir='ltr'><strong>uetustis</strong></span> <span class='ocrx_word' id='word_1_597' title='bbox 1519 4150 1596 4206; x_wconf 89' lang='lat' dir='ltr'><strong>libris</strong></span> <span class='ocrx_word' id='word_1_598' title='bbox 1609 4151 1787 4220; x_wconf 89' lang='lat' dir='ltr'><strong>scripsimus,</strong></span> <span class='ocrx_word' id='word_1_599' title='bbox 1801 4167 1865 4210; x_wconf 88' lang='lat' dir='ltr'><strong>cum</strong></span> 
     </span>
    </p>

    <p class='ocr_par' dir='ltr' id='par_1_24' title="bbox 216 4219 1866 4296">
     <span class='ocr_line' id='line_1_52' title="bbox 216 4219 1866 4296; baseline 0.002 -17"><span class='ocrx_word' id='word_1_600' title='bbox 216 4222 323 4279; x_wconf 84' lang='lat' dir='ltr'><strong>Tullius</strong></span> <span class='ocrx_word' id='word_1_601' title='bbox 345 4227 384 4278; x_wconf 89' lang='lat' dir='ltr'><strong>ait</strong></span> <span class='ocrx_word' id='word_1_602' title='bbox 400 4221 533 4296; x_wconf 84' lang='lat' dir='ltr'><strong>Regulum</strong></span> <span class='ocrx_word' id='word_1_603' title='bbox 556 4223 583 4278; x_wconf 93' lang='lat' dir='ltr'><strong>in</strong></span> <span class='ocrx_word' id='word_1_604' title='bbox 608 4222 731 4278; x_wconf 89' lang='lat' dir='ltr'><strong>machina</strong></span> <span class='ocrx_word' id='word_1_605' title='bbox 749 4236 809 4278; x_wconf 87' lang='lat' dir='ltr'><strong>esse</strong></span> <span class='ocrx_word' id='word_1_606' title='bbox 827 4228 969 4289; x_wconf 86' lang='lat' dir='ltr'><strong>necatum,</strong></span> <span class='ocrx_word' id='word_1_607' title='bbox 987 4220 1014 4277; x_wconf 91' lang='lat' dir='ltr'><strong>id</strong></span> <span class='ocrx_word' id='word_1_608' title='bbox 1067 4219 1150 4290; x_wconf 80' lang='lat' dir='ltr'><strong>uulgo</strong></span> <span class='ocrx_word' id='word_1_609' title='bbox 1164 4220 1199 4275; x_wconf 90' lang='lat' dir='ltr'><strong>sit</strong></span> <span class='ocrx_word' id='word_1_610' title='bbox 1219 4221 1310 4276; x_wconf 83' lang='lat' dir='ltr'><strong>classis</strong></span> <span class='ocrx_word' id='word_1_611' title='bbox 1327 4222 1382 4279; x_wconf 67' lang='grc' dir='ltr'><strong>ιιι</strong></span> <span class='ocrx_word' id='word_1_612' title='bbox 1395 4224 1510 4277; x_wconf 85' lang='lat' dir='ltr'><strong>nonium.</strong></span> <span class='ocrx_word' id='word_1_613' title='bbox 1536 4221 1683 4291; x_wconf 75' lang='lat' dir='ltr'><strong>Eutropius</strong></span> <span class='ocrx_word' id='word_1_614' title='bbox 1694 4238 1803 4294; x_wconf 91' lang='lat' dir='ltr'><strong>quoque</strong></span> <span class='ocrx_word' id='word_1_615' title='bbox 1815 4239 1866 4282; x_wconf 88' lang='lat' dir='ltr'><strong>au·</strong></span> 
     </span>
    </p>

    <p class='ocr_par' dir='ltr' id='par_1_25' title="bbox 216 4289 1845 4382">
     <span class='ocr_line' id='line_1_53' title="bbox 216 4289 1845 4382; baseline 0.001 -33"><span class='ocrx_word' id='word_1_616' title='bbox 216 4294 356 4365; x_wconf 81' lang='lat' dir='ltr'><strong>dppianus</strong></span> <span class='ocrx_word' id='word_1_617' title='bbox 369 4294 408 4350; x_wconf 90' lang='grc' dir='ltr'><strong>ιιι</strong></span> <span class='ocrx_word' id='word_1_618' title='bbox 422 4296 578 4366; x_wconf 81' lang='lat' dir='ltr'><strong>expressit,</strong></span> <span class='ocrx_word' id='word_1_619' title='bbox 592 4297 635 4351; x_wconf 83' lang='grc' dir='ltr'><strong>και</strong></span> <span class='ocrx_word' id='word_1_620' title='bbox 646 4296 721 4351; x_wconf 78' lang='grc' dir='ltr'>αὐτὸν</span> <span class='ocrx_word' id='word_1_621' title='bbox 742 4295 766 4350; x_wconf 85' lang='lat' dir='ltr'><strong>ei</strong></span> <span class='ocrx_word' id='word_1_622' title='bbox 786 4290 953 4382; x_wconf 66' lang='grc' dir='ltr'><strong>ιαρχιδὸνιοι</strong></span> <span class='ocrx_word' id='word_1_623' title='bbox 971 4316 1015 4349; x_wconf 77' lang='grc' dir='ltr'><strong>κα·</strong></span> <span class='ocrx_word' id='word_1_624' title='bbox 1066 4298 1129 4345; x_wconf 89' lang='lat' dir='ltr'><strong>ctnr</strong></span> <span class='ocrx_word' id='word_1_625' title='bbox 1143 4299 1195 4353; x_wconf 90' lang='lat' dir='ltr'><strong>est,</strong></span> <span class='ocrx_word' id='word_1_626' title='bbox 1209 4289 1335 4347; x_wconf 82' lang='lat' dir='ltr'><strong>Catulum</strong></span> <span class='ocrx_word' id='word_1_627' title='bbox 1350 4309 1413 4349; x_wconf 85' lang='lat' dir='ltr'><strong>cuna</strong></span> <span class='ocrx_word' id='word_1_628' title='bbox 1427 4293 1479 4350; x_wconf 80' lang='lat' dir='ltr'><strong>auu</strong></span> <span class='ocrx_word' id='word_1_629' title='bbox 1494 4292 1610 4350; x_wconf 84' lang='lat' dir='ltr'><strong>nauibus</strong></span> <span class='ocrx_word' id='word_1_630' title='bbox 1622 4292 1650 4349; x_wconf 91' lang='lat' dir='ltr'><strong>in</strong></span> <span class='ocrx_word' id='word_1_631' title='bbox 1664 4294 1783 4351; x_wconf 85' lang='lat' dir='ltr'><strong>Siciliam</strong></span> <span class='ocrx_word' id='word_1_632' title='bbox 1796 4309 1845 4366; x_wconf 78' lang='lat' dir='ltr'><strong>pra</strong></span> 
     </span>
    </p>

    <p class='ocr_par' dir='ltr' id='par_1_26' title="bbox 216 4359 1864 4514">
     <span class='ocr_line' id='line_1_54' title="bbox 216 4359 1851 4444; baseline 0 -24"><span class='ocrx_word' id='word_1_633' title='bbox 216 4365 535 4443; x_wconf 70' lang='lat' dir='ltr'><strong>ertpemrchyeheypg</strong></span> <span class='ocrx_word' id='word_1_634' title='bbox 548 4368 640 4444; x_wconf 69' lang='grc' dir='ltr'>κέντρα</span> <span class='ocrx_word' id='word_1_635' title='bbox 655 4367 778 4423; x_wconf 74' lang='grc' dir='ltr'><strong>πάντοθεν</strong></span> <span class='ocrx_word' id='word_1_636' title='bbox 795 4366 896 4437; x_wconf 79' lang='grc' dir='ltr'><strong>ιχιυσῃ</strong></span> <span class='ocrx_word' id='word_1_637' title='bbox 911 4362 1016 4439; x_wconf 67' lang='lat' dir='ltr'><strong>hoydre-</strong></span> <span class='ocrx_word' id='word_1_638' title='bbox 1067 4359 1170 4417; x_wconf 89' lang='lat' dir='ltr'><strong>lectum</strong></span> <span class='ocrx_word' id='word_1_639' title='bbox 1186 4361 1283 4418; x_wconf 85' lang='lat' dir='ltr'><strong>inisse.</strong></span> <span class='ocrx_word' id='word_1_640' title='bbox 1310 4364 1405 4435; x_wconf 82' lang='lat' dir='ltr'><strong>Neque</strong></span> <span class='ocrx_word' id='word_1_641' title='bbox 1425 4379 1489 4420; x_wconf 87' lang='lat' dir='ltr'><strong>uero</strong></span> <span class='ocrx_word' id='word_1_642' title='bbox 1509 4363 1606 4418; x_wconf 90' lang='lat' dir='ltr'><strong>adduci</strong></span> <span class='ocrx_word' id='word_1_643' title='bbox 1635 4377 1745 4433; x_wconf 88' lang='lat' dir='ltr'><strong>possum</strong></span> <span class='ocrx_word' id='word_1_644' title='bbox 1758 4375 1788 4419; x_wconf 95' lang='lat' dir='ltr'><strong>ut</strong></span> <span class='ocrx_word' id='word_1_645' title='bbox 1801 4380 1851 4421; x_wconf 86' lang='lat' dir='ltr'><strong>crs</strong></span> 
     </span>
     <span class='ocr_line' id='line_1_55' title="bbox 216 4430 1864 4514; baseline -0.001 -22"><span class='ocrx_word' id='word_1_646' title='bbox 216 4457 275 4514; x_wconf 79' lang='grc' dir='ltr'><strong>ραι.</strong></span> <span class='ocrx_word' id='word_1_647' title='bbox 290 4435 374 4492; x_wconf 81' lang='lat' dir='ltr'><strong>Fran.</strong></span> <span class='ocrx_word' id='word_1_648' title='bbox 1067 4430 1128 4487; x_wconf 89' lang='lat' dir='ltr'><strong>dam</strong></span> <span class='ocrx_word' id='word_1_649' title='bbox 1155 4432 1283 4502; x_wconf 91' lang='lat' dir='ltr'><strong>populum</strong></span> <span class='ocrx_word' id='word_1_650' title='bbox 1306 4433 1340 4489; x_wconf 87' lang='lat' dir='ltr'><strong>li.</strong></span> <span class='ocrx_word' id='word_1_651' title='bbox 1365 4444 1465 4505; x_wconf 78' lang='lat' dir='ltr'><strong>preter</strong></span> <span class='ocrx_word' id='word_1_652' title='bbox 1486 4434 1541 4490; x_wconf 70' lang='grc' dir='ltr'><strong>ιιι</strong></span> <span class='ocrx_word' id='word_1_653' title='bbox 1564 4435 1625 4489; x_wconf 92' lang='lat' dir='ltr'><strong>illas</strong></span> <span class='ocrx_word' id='word_1_654' title='bbox 1639 4434 1864 4503; x_wconf 88' lang='lat' dir='ltr'><strong>quinqueremes,</strong></span> 
     </span>
    </p>

    <p class='ocr_par' dir='ltr' id='par_1_27' title="bbox 216 4503 1865 4644">
     <span class='ocr_line' id='line_1_56' title="bbox 253 4503 1865 4579; baseline -0.001 -16"><span class='ocrx_word' id='word_1_655' title='bbox 253 4511 281 4563; x_wconf 86' lang='lat' dir='ltr'><strong>l.</strong></span> <span class='ocrx_word' id='word_1_656' title='bbox 303 4507 377 4563; x_wconf 80' lang='lat' dir='ltr'><strong>diter</strong></span> <span class='ocrx_word' id='word_1_657' title='bbox 390 4506 485 4562; x_wconf 87' lang='lat' dir='ltr'><strong>deinde</strong></span> <span class='ocrx_word' id='word_1_658' title='bbox 497 4507 594 4563; x_wconf 77' lang='lat' dir='ltr'><strong>duilius</strong></span> <span class='ocrx_word' id='word_1_659' title='bbox 611 4507 736 4579; x_wconf 81' lang='lat' dir='ltr'><strong>Regulus.</strong></span> <span class='ocrx_word' id='word_1_660' title='bbox 761 4507 793 4564; x_wconf 94' lang='lat' dir='ltr'><strong>C.</strong></span> <span class='ocrx_word' id='word_1_661' title='bbox 812 4505 911 4562; x_wconf 82' lang='lat' dir='ltr'><strong>duilius</strong></span> <span class='ocrx_word' id='word_1_662' title='bbox 924 4504 1015 4576; x_wconf 81' lang='lat' dir='ltr'><strong>llegn-</strong></span> <span class='ocrx_word' id='word_1_663' title='bbox 1066 4517 1136 4573; x_wconf 89' lang='lat' dir='ltr'><strong>quas</strong></span> <span class='ocrx_word' id='word_1_664' title='bbox 1155 4518 1170 4557; x_wconf 94' lang='lat' dir='ltr'><strong>a</strong></span> <span class='ocrx_word' id='word_1_665' title='bbox 1193 4504 1305 4573; x_wconf 86' lang='lat' dir='ltr'><strong>priuatis</strong></span> <span class='ocrx_word' id='word_1_666' title='bbox 1329 4506 1479 4561; x_wconf 74' lang='lat' dir='ltr'><strong>:edilrcatas</strong></span> <span class='ocrx_word' id='word_1_667' title='bbox 1501 4504 1597 4561; x_wconf 87' lang='lat' dir='ltr'><strong>scribit</strong></span> <span class='ocrx_word' id='word_1_668' title='bbox 1611 4503 1761 4576; x_wconf 81' lang='lat' dir='ltr'><strong>Polybius,</strong></span> <span class='ocrx_word' id='word_1_669' title='bbox 1776 4505 1865 4562; x_wconf 86' lang='lat' dir='ltr'><strong>nullas</strong></span> 
     </span>
     <span class='ocr_line' id='line_1_57' title="bbox 216 4572 1628 4644; baseline -0.001 -14"><span class='ocrx_word' id='word_1_670' title='bbox 216 4576 260 4633; x_wconf 90' lang='lat' dir='ltr'><strong>lus</strong></span> <span class='ocrx_word' id='word_1_671' title='bbox 280 4586 312 4635; x_wconf 89' lang='lat' dir='ltr'><strong>et</strong></span> <span class='ocrx_word' id='word_1_672' title='bbox 341 4578 372 4634; x_wconf 82' lang='lat' dir='ltr'><strong>l..</strong></span> <span class='ocrx_word' id='word_1_673' title='bbox 396 4579 511 4635; x_wconf 88' lang='lat' dir='ltr'><strong>llonlius</strong></span> <span class='ocrx_word' id='word_1_674' title='bbox 533 4577 616 4634; x_wconf 84' lang='lat' dir='ltr'><strong>Vulso</strong></span> <span class='ocrx_word' id='word_1_675' title='bbox 638 4579 766 4635; x_wconf 90' lang='lat' dir='ltr'><strong>consules</strong></span> <span class='ocrx_word' id='word_1_676' title='bbox 787 4580 885 4633; x_wconf 87' lang='lat' dir='ltr'><strong>iterum</strong></span> <span class='ocrx_word' id='word_1_677' title='bbox 906 4574 1016 4632; x_wconf 90' lang='lat' dir='ltr'><strong>luerunt</strong></span> <span class='ocrx_word' id='word_1_678' title='bbox 1067 4572 1135 4627; x_wconf 85' lang='lat' dir='ltr'><strong>ollas</strong></span> <span class='ocrx_word' id='word_1_679' title='bbox 1151 4589 1234 4629; x_wconf 85' lang='lat' dir='ltr'><strong>naues</strong></span> <span class='ocrx_word' id='word_1_680' title='bbox 1249 4574 1373 4644; x_wconf 84' lang='lat' dir='ltr'><strong>publicas</strong></span> <span class='ocrx_word' id='word_1_681' title='bbox 1387 4576 1527 4631; x_wconf 89' lang='lat' dir='ltr'><strong>babuisse.</strong></span> <span class='ocrx_word' id='word_1_682' title='bbox 1544 4574 1628 4630; x_wconf 80' lang='lat' dir='ltr'><strong>Fusa.</strong></span> 
     </span>
    </p>

    <p class='ocr_par' dir='ltr' id='par_1_28' title="bbox 216 4643 1866 4715">
     <span class='ocr_line' id='line_1_58' title="bbox 216 4643 1866 4715; baseline -0.001 -12"><span class='ocrx_word' id='word_1_683' title='bbox 216 4663 291 4705; x_wconf 84' lang='lat' dir='ltr'><strong>aranu</strong></span> <span class='ocrx_word' id='word_1_684' title='bbox 305 4664 363 4706; x_wconf 88' lang='grc' dir='ltr'><strong>ιιιι.</strong></span> <span class='ocrx_word' id='word_1_685' title='bbox 388 4648 490 4706; x_wconf 92' lang='lat' dir='ltr'><strong>llorum</strong></span> <span class='ocrx_word' id='word_1_686' title='bbox 513 4650 658 4706; x_wconf 91' lang='lat' dir='ltr'><strong>consulum</strong></span> <span class='ocrx_word' id='word_1_687' title='bbox 672 4652 784 4706; x_wconf 87' lang='lat' dir='ltr'><strong>nomina</strong></span> <span class='ocrx_word' id='word_1_688' title='bbox 801 4649 828 4704; x_wconf 93' lang='lat' dir='ltr'><strong>in</strong></span> <span class='ocrx_word' id='word_1_689' title='bbox 845 4662 906 4703; x_wconf 90' lang='lat' dir='ltr'><strong>meo</strong></span> <span class='ocrx_word' id='word_1_690' title='bbox 918 4662 1013 4702; x_wconf 89' lang='lat' dir='ltr'><strong>manu·</strong></span> <span class='ocrx_word' id='word_1_691' title='bbox 1104 4644 1150 4700; x_wconf 69' lang='lat' dir='ltr'><strong>li.</strong></span> <span class='ocrx_word' id='word_1_692' title='bbox 1170 4643 1246 4699; x_wconf 83' lang='lat' dir='ltr'><strong>inter</strong></span> <span class='ocrx_word' id='word_1_693' title='bbox 1261 4647 1386 4715; x_wconf 75' lang='lat' dir='ltr'><strong>primoms</strong></span> <span class='ocrx_word' id='word_1_694' title='bbox 1398 4647 1457 4701; x_wconf 87' lang='lat' dir='ltr'><strong>ciet.</strong></span> <span class='ocrx_word' id='word_1_695' title='bbox 1484 4644 1522 4701; x_wconf 86' lang='lat' dir='ltr'><strong>lta</strong></span> <span class='ocrx_word' id='word_1_696' title='bbox 1536 4644 1710 4715; x_wconf 89' lang='lat' dir='ltr'><strong>reposuimus</strong></span> <span class='ocrx_word' id='word_1_697' title='bbox 1723 4659 1758 4701; x_wconf 87' lang='grc' dir='ltr'><strong>ιι</strong></span> <span class='ocrx_word' id='word_1_698' title='bbox 1769 4654 1866 4703; x_wconf 89' lang='lat' dir='ltr'><strong>aucto·</strong></span> 
     </span>
    </p>

    <p class='ocr_par' dir='ltr' id='par_1_29' title="bbox 216 4700 1863 4857">
     <span class='ocr_line' id='line_1_59' title="bbox 216 4700 1863 4857; baseline -0.002 -12"><span class='ocrx_word' id='word_1_699' title='bbox 216 4700 1148 4848; x_wconf 61' lang='lat' dir='ltr'><strong>diethildisblialill‘alllllblli”llll</strong></span> <span class='ocrx_word' id='word_1_700' title='bbox 1161 4712 1863 4857; x_wconf 69' lang='lat' dir='ltr'><strong>illull&#39;ll‘a..lllll¹tllllltllhlte⁰·i!</strong></span> 
     </span>
    </p>

    <p class='ocr_par' dir='ltr' id='par_1_30' title="bbox 214 4802 1867 5006">
     <span class='ocr_line' id='line_1_60' title="bbox 215 4802 1866 4938; baseline -0.003 -21"><span class='ocrx_word' id='word_1_701' title='bbox 215 4862 245 4917; x_wconf 91' lang='lat' dir='ltr'><strong>in</strong></span> <span class='ocrx_word' id='word_1_702' title='bbox 259 4863 377 4933; x_wconf 83' lang='lat' dir='ltr'><strong>vulgatis</strong></span> <span class='ocrx_word' id='word_1_703' title='bbox 401 4809 567 4919; x_wconf 69' lang='lat' dir='ltr'><strong>iactumqest</strong></span> <span class='ocrx_word' id='word_1_704' title='bbox 583 4809 689 4917; x_wconf 61' lang='lat' dir='ltr'><strong>Plagae.</strong></span> <span class='ocrx_word' id='word_1_705' title='bbox 716 4862 755 4918; x_wconf 78' lang='lat' dir='ltr'><strong>liu</strong></span> <span class='ocrx_word' id='word_1_706' title='bbox 767 4831 831 4932; x_wconf 72' lang='lat' dir='ltr'><strong>quse</strong></span> <span class='ocrx_word' id='word_1_707' title='bbox 845 4859 872 4915; x_wconf 93' lang='lat' dir='ltr'><strong>bi</strong></span> <span class='ocrx_word' id='word_1_708' title='bbox 885 4829 1014 4915; x_wconf 76' lang='lat' dir='ltr'><strong>consules</strong></span> <span class='ocrx_word' id='word_1_709' title='bbox 1067 4871 1152 4938; x_wconf 78' lang='lat' dir='ltr'><strong>mores</strong></span> <span class='ocrx_word' id='word_1_710' title='bbox 1165 4856 1265 4913; x_wconf 82' lang='lat' dir='ltr'><strong>Sicilire</strong></span> <span class='ocrx_word' id='word_1_711' title='bbox 1277 4858 1365 4914; x_wconf 75' lang='lat' dir='ltr'><strong>sieten</strong></span> <span class='ocrx_word' id='word_1_712' title='bbox 1379 4802 1511 4914; x_wconf 54' lang='lat' dir='ltr'><strong>diiudicet</strong></span> <span class='ocrx_word' id='word_1_713' title='bbox 1522 4872 1556 4912; x_wconf 86' lang='lat' dir='ltr'><strong>ex</strong></span> <span class='ocrx_word' id='word_1_714' title='bbox 1569 4857 1632 4925; x_wconf 83' lang='lat' dir='ltr'><strong>ciet,</strong></span> <span class='ocrx_word' id='word_1_715' title='bbox 1644 4857 1688 4914; x_wconf 83' lang='lat' dir='ltr'><strong>vel</strong></span> <span class='ocrx_word' id='word_1_716' title='bbox 1700 4856 1790 4925; x_wconf 81' lang='lat' dir='ltr'><strong>cieret,</strong></span> <span class='ocrx_word' id='word_1_717' title='bbox 1802 4804 1866 4913; x_wconf 55' lang='grc' dir='ltr'><strong>ἔξω</strong></span> 
     </span>
     <span class='ocr_line' id='line_1_61' title="bbox 214 4926 1867 5006; baseline -0.001 -19"><span class='ocrx_word' id='word_1_718' title='bbox 214 4949 280 4987; x_wconf 89' lang='lat' dir='ltr'><strong>cum</strong></span> <span class='ocrx_word' id='word_1_719' title='bbox 293 4933 383 4992; x_wconf 85' lang='lat' dir='ltr'><strong>Ptenis</strong></span> <span class='ocrx_word' id='word_1_720' title='bbox 397 4942 551 5006; x_wconf 80' lang='lat' dir='ltr'><strong>gesserunt,</strong></span> <span class='ocrx_word' id='word_1_721' title='bbox 566 4933 659 4991; x_wconf 88' lang='lat' dir='ltr'><strong>multis</strong></span> <span class='ocrx_word' id='word_1_722' title='bbox 669 4934 758 4990; x_wconf 83' lang='lat' dir='ltr'><strong>verbis</strong></span> <span class='ocrx_word' id='word_1_723' title='bbox 766 4941 860 4988; x_wconf 86' lang='lat' dir='ltr'><strong>narrat</strong></span> <span class='ocrx_word' id='word_1_724' title='bbox 872 4931 1013 5004; x_wconf 83' lang='lat' dir='ltr'><strong>Polybius.</strong></span> <span class='ocrx_word' id='word_1_725' title='bbox 1067 4926 1176 4983; x_wconf 81' lang='lat' dir='ltr'><strong>ardetur</strong></span> <span class='ocrx_word' id='word_1_726' title='bbox 1187 4930 1264 4983; x_wconf 81' lang='lat' dir='ltr'><strong>uaria</strong></span> <span class='ocrx_word' id='word_1_727' title='bbox 1277 4928 1360 4985; x_wconf 90' lang='lat' dir='ltr'><strong>lectio</strong></span> <span class='ocrx_word' id='word_1_728' title='bbox 1374 4929 1475 4985; x_wconf 82' lang='lat' dir='ltr'><strong>Sicilie</strong></span> <span class='ocrx_word' id='word_1_729' title='bbox 1485 4929 1512 4984; x_wconf 91' lang='lat' dir='ltr'><strong>in</strong></span> <span class='ocrx_word' id='word_1_730' title='bbox 1523 4928 1682 4996; x_wconf 88' lang='lat' dir='ltr'><strong>quibusdam</strong></span> <span class='ocrx_word' id='word_1_731' title='bbox 1694 4943 1774 4995; x_wconf 81' lang='lat' dir='ltr'><strong>mss,</strong></span> <span class='ocrx_word' id='word_1_732' title='bbox 1784 4938 1867 4998; x_wconf 88' lang='lat' dir='ltr'><strong>atque</strong></span> 
     </span>
    </p>

    <p class='ocr_par' dir='ltr' id='par_1_31' title="bbox 214 4996 1866 5155">
     <span class='ocr_line' id='line_1_62' title="bbox 214 4996 1866 5068; baseline -0.003 -7"><span class='ocrx_word' id='word_1_733' title='bbox 214 5003 303 5061; x_wconf 82' lang='lat' dir='ltr'><strong>Fran.</strong></span> <span class='ocrx_word' id='word_1_734' title='bbox 1069 4996 1135 5054; x_wconf 90' lang='lat' dir='ltr'><strong>inde</strong></span> <span class='ocrx_word' id='word_1_735' title='bbox 1150 5007 1265 5068; x_wconf 89' lang='lat' dir='ltr'><strong>utraque</strong></span> <span class='ocrx_word' id='word_1_736' title='bbox 1287 5001 1367 5056; x_wconf 90' lang='lat' dir='ltr'><strong>lectio</strong></span> <span class='ocrx_word' id='word_1_737' title='bbox 1383 4999 1465 5055; x_wconf 84' lang='lat' dir='ltr'><strong>luisse</strong></span> <span class='ocrx_word' id='word_1_738' title='bbox 1480 4998 1636 5064; x_wconf 83' lang='lat' dir='ltr'><strong>coniuncta.</strong></span> <span class='ocrx_word' id='word_1_739' title='bbox 1661 4997 1696 5055; x_wconf 82' lang='lat' dir='ltr'><strong>th</strong></span> <span class='ocrx_word' id='word_1_740' title='bbox 1709 4997 1776 5056; x_wconf 93' lang='lat' dir='ltr'><strong>binc</strong></span> <span class='ocrx_word' id='word_1_741' title='bbox 1787 4999 1866 5056; x_wconf 84' lang='lat' dir='ltr'><strong>cieret</strong></span> 
     </span>
     <span class='ocr_line' id='line_1_63' title="bbox 256 5067 1865 5155; baseline -0.003 -22"><span class='ocrx_word' id='word_1_742' title='bbox 256 5077 284 5133; x_wconf 84' lang='grc'><strong>5.</strong></span> <span class='ocrx_word' id='word_1_743' title='bbox 304 5075 422 5147; x_wconf 68' lang='lat' dir='ltr'><strong>Profecti</strong></span> <span class='ocrx_word' id='word_1_744' title='bbox 441 5085 512 5133; x_wconf 87' lang='lat' dir='ltr'><strong>sant.</strong></span> <span class='ocrx_word' id='word_1_745' title='bbox 536 5076 566 5131; x_wconf 92' lang='lat' dir='ltr'><strong>ln</strong></span> <span class='ocrx_word' id='word_1_746' title='bbox 591 5075 650 5131; x_wconf 90' lang='lat' dir='ltr'><strong>solo</strong></span> <span class='ocrx_word' id='word_1_747' title='bbox 671 5076 734 5132; x_wconf 91' lang='lat' dir='ltr'><strong>eod.</strong></span> <span class='ocrx_word' id='word_1_748' title='bbox 761 5088 823 5131; x_wconf 82' lang='lat' dir='ltr'><strong>unco</strong></span> <span class='ocrx_word' id='word_1_749' title='bbox 847 5081 1015 5144; x_wconf 86' lang='lat' dir='ltr'><strong>postremum</strong></span> <span class='ocrx_word' id='word_1_750' title='bbox 1068 5068 1147 5125; x_wconf 89' lang='lat' dir='ltr'><strong>deest</strong></span> <span class='ocrx_word' id='word_1_751' title='bbox 1160 5070 1394 5142; x_wconf 73' lang='lat' dir='ltr'><strong>incddugusua</strong></span> <span class='ocrx_word' id='word_1_752' title='bbox 1427 5086 1462 5127; x_wconf 87' lang='lat' dir='ltr'><strong>ue</strong></span> <span class='ocrx_word' id='word_1_753' title='bbox 1487 5070 1514 5127; x_wconf 93' lang='lat' dir='ltr'><strong>io</strong></span> <span class='ocrx_word' id='word_1_754' title='bbox 1527 5067 1600 5126; x_wconf 93' lang='lat' dir='ltr'><strong>Coll.</strong></span> <span class='ocrx_word' id='word_1_755' title='bbox 1621 5070 1757 5139; x_wconf 69' lang='lat' dir='ltr'><strong>Crunoe,</strong></span> <span class='ocrx_word' id='word_1_756' title='bbox 1770 5080 1865 5155; x_wconf 86' lang='lat' dir='ltr'><strong>etpro</strong></span> 
     </span>
    </p>

    <p class='ocr_par' dir='ltr' id='par_1_32' title="bbox 217 5139 1867 5296">
     <span class='ocr_line' id='line_1_64' title="bbox 217 5139 1864 5219; baseline -0.004 -16"><span class='ocrx_word' id='word_1_757' title='bbox 217 5146 333 5204; x_wconf 80' lang='lat' dir='ltr'><strong>verbum</strong></span> <span class='ocrx_word' id='word_1_758' title='bbox 350 5161 384 5219; x_wconf 88' lang='lat' dir='ltr'><strong>ap</strong></span> <span class='ocrx_word' id='word_1_759' title='bbox 404 5157 473 5213; x_wconf 90' lang='lat' dir='ltr'><strong>aret,</strong></span> <span class='ocrx_word' id='word_1_760' title='bbox 487 5162 503 5203; x_wconf 94' lang='lat' dir='ltr'><strong>a</strong></span> <span class='ocrx_word' id='word_1_761' title='bbox 518 5147 636 5219; x_wconf 90' lang='lat' dir='ltr'><strong>reliquis</strong></span> <span class='ocrx_word' id='word_1_762' title='bbox 647 5161 714 5203; x_wconf 91' lang='lat' dir='ltr'><strong>mss.</strong></span> <span class='ocrx_word' id='word_1_763' title='bbox 731 5145 820 5201; x_wconf 87' lang='lat' dir='ltr'><strong>abest.</strong></span> <span class='ocrx_word' id='word_1_764' title='bbox 1069 5139 1166 5196; x_wconf 88' lang='lat' dir='ltr'><strong>eodem</strong></span> <span class='ocrx_word' id='word_1_765' title='bbox 1189 5142 1275 5197; x_wconf 78' lang='lat' dir='ltr'><strong>verbo</strong></span> <span class='ocrx_word' id='word_1_766' title='bbox 1297 5146 1362 5214; x_wconf 85' lang='lat' dir='ltr'><strong>gerit</strong></span> <span class='ocrx_word' id='word_1_767' title='bbox 1376 5142 1403 5198; x_wconf 92' lang='lat' dir='ltr'><strong>in</strong></span> <span class='ocrx_word' id='word_1_768' title='bbox 1441 5140 1505 5212; x_wconf 71' lang='grc' dir='ltr'><strong>ιιι.</strong></span> <span class='ocrx_word' id='word_1_769' title='bbox 1519 5141 1591 5196; x_wconf 88' lang='lat' dir='ltr'><strong>Batt.</strong></span> <span class='ocrx_word' id='word_1_770' title='bbox 1607 5154 1652 5209; x_wconf 94' lang='lat' dir='ltr'><strong>pr.</strong></span> <span class='ocrx_word' id='word_1_771' title='bbox 1667 5148 1696 5196; x_wconf 87' lang='lat' dir='ltr'><strong>ct</strong></span> <span class='ocrx_word' id='word_1_772' title='bbox 1709 5148 1801 5211; x_wconf 88' lang='lat' dir='ltr'><strong>quart.</strong></span> <span class='ocrx_word' id='word_1_773' title='bbox 1818 5157 1864 5197; x_wconf 89' lang='lat' dir='ltr'><strong>rn-</strong></span> 
     </span>
     <span class='ocr_line' id='line_1_65' title="bbox 257 5161 1867 5296; baseline -0.005 -21"><span class='ocrx_word' id='word_1_774' title='bbox 257 5218 285 5275; x_wconf 87' lang='grc'><strong>6.</strong></span> <span class='ocrx_word' id='word_1_775' title='bbox 308 5217 370 5276; x_wconf 90' lang='lat' dir='ltr'><strong>Post</strong></span> <span class='ocrx_word' id='word_1_776' title='bbox 382 5161 429 5273; x_wconf 51' lang='lat' dir='ltr'><strong>ios</strong></span> <span class='ocrx_word' id='word_1_777' title='bbox 444 5216 573 5275; x_wconf 84' lang='lat' dir='ltr'><strong>Claudius</strong></span> <span class='ocrx_word' id='word_1_778' title='bbox 591 5217 693 5273; x_wconf 83' lang='lat' dir='ltr'><strong>consul.</strong></span> <span class='ocrx_word' id='word_1_779' title='bbox 719 5216 769 5274; x_wconf 88' lang='lat' dir='ltr'><strong>llic</strong></span> <span class='ocrx_word' id='word_1_780' title='bbox 785 5225 827 5274; x_wconf 88' lang='lat' dir='ltr'><strong>est</strong></span> <span class='ocrx_word' id='word_1_781' title='bbox 843 5216 872 5270; x_wconf 88' lang='lat' dir='ltr'><strong>P.</strong></span> <span class='ocrx_word' id='word_1_782' title='bbox 887 5213 1017 5273; x_wconf 88' lang='lat' dir='ltr'><strong>Claudius</strong></span> <span class='ocrx_word' id='word_1_783' title='bbox 1070 5212 1189 5291; x_wconf 82' lang='lat' dir='ltr'><strong>venitur.</strong></span> <span class='ocrx_word' id='word_1_784' title='bbox 1205 5210 1234 5294; x_wconf 80' lang='lat' dir='ltr'><strong>ln</strong></span> <span class='ocrx_word' id='word_1_785' title='bbox 1248 5227 1310 5295; x_wconf 74' lang='lat' dir='ltr'><strong>meo</strong></span> <span class='ocrx_word' id='word_1_786' title='bbox 1323 5228 1375 5296; x_wconf 70' lang='lat' dir='ltr'><strong>mst</strong></span> <span class='ocrx_word' id='word_1_787' title='bbox 1397 5211 1623 5295; x_wconf 26' lang='lat' dir='ltr'><strong>quoqueonrelior</strong></span> <span class='ocrx_word' id='word_1_788' title='bbox 1637 5210 1685 5267; x_wconf 90' lang='lat' dir='ltr'><strong>illa</strong></span> <span class='ocrx_word' id='word_1_789' title='bbox 1701 5211 1785 5296; x_wconf 79' lang='lat' dir='ltr'><strong>lectio</strong></span> <span class='ocrx_word' id='word_1_790' title='bbox 1796 5212 1867 5267; x_wconf 84' lang='lat' dir='ltr'><strong>inter</strong></span> 
     </span>
    </p>

    <p class='ocr_par' dir='ltr' id='par_1_33' title="bbox 219 5283 1868 5361">
     <span class='ocr_line' id='line_1_66' title="bbox 219 5283 1868 5361; baseline -0.005 -14"><span class='ocrx_word' id='word_1_791' title='bbox 219 5288 274 5359; x_wconf 79' lang='lat' dir='ltr'><strong>Ap.</strong></span> <span class='ocrx_word' id='word_1_792' title='bbox 290 5291 322 5347; x_wconf 84' lang='lat' dir='ltr'><strong>F.</strong></span> <span class='ocrx_word' id='word_1_793' title='bbox 336 5289 403 5361; x_wconf 92' lang='lat' dir='ltr'><strong>qui,</strong></span> <span class='ocrx_word' id='word_1_794' title='bbox 425 5305 487 5347; x_wconf 94' lang='lat' dir='ltr'><strong>cum</strong></span> <span class='ocrx_word' id='word_1_795' title='bbox 501 5304 581 5346; x_wconf 82' lang='lat' dir='ltr'><strong>cauea</strong></span> <span class='ocrx_word' id='word_1_796' title='bbox 597 5290 703 5345; x_wconf 88' lang='lat' dir='ltr'><strong>liberati</strong></span> <span class='ocrx_word' id='word_1_797' title='bbox 719 5286 785 5359; x_wconf 92' lang='lat' dir='ltr'><strong>pulli</strong></span> <span class='ocrx_word' id='word_1_798' title='bbox 800 5303 854 5343; x_wconf 92' lang='lat' dir='ltr'><strong>uon</strong></span> <span class='ocrx_word' id='word_1_799' title='bbox 869 5299 1014 5358; x_wconf 86' lang='lat' dir='ltr'><strong>paseercn·</strong></span> <span class='ocrx_word' id='word_1_800' title='bbox 1068 5298 1194 5352; x_wconf 74' lang='lat' dir='ltr'><strong>pransores</strong></span> <span class='ocrx_word' id='word_1_801' title='bbox 1208 5292 1270 5352; x_wconf 84' lang='lat' dir='ltr'><strong>caet,</strong></span> <span class='ocrx_word' id='word_1_802' title='bbox 1285 5292 1431 5351; x_wconf 77' lang='lat' dir='ltr'><strong>inuenitur,</strong></span> <span class='ocrx_word' id='word_1_803' title='bbox 1447 5283 1496 5339; x_wconf 89' lang='lat' dir='ltr'><strong>sed</strong></span> <span class='ocrx_word' id='word_1_804' title='bbox 1512 5291 1551 5338; x_wconf 87' lang='lat' dir='ltr'><strong>tta</strong></span> <span class='ocrx_word' id='word_1_805' title='bbox 1561 5294 1590 5338; x_wconf 91' lang='lat' dir='ltr'><strong>ut</strong></span> <span class='ocrx_word' id='word_1_806' title='bbox 1600 5297 1685 5353; x_wconf 88' lang='lat' dir='ltr'><strong>supra</strong></span> <span class='ocrx_word' id='word_1_807' title='bbox 1699 5291 1749 5338; x_wconf 86' lang='lat' dir='ltr'><strong>caet</strong></span> <span class='ocrx_word' id='word_1_808' title='bbox 1762 5283 1868 5339; x_wconf 86' lang='lat' dir='ltr'><strong>brenta</strong></span> 
     </span>
    </p>

    <p class='ocr_par' dir='ltr' id='par_1_34' title="bbox 220 5351 1869 5433">
     <span class='ocr_line' id='line_1_67' title="bbox 220 5351 1869 5433; baseline -0.004 -18"><span class='ocrx_word' id='word_1_809' title='bbox 220 5370 279 5428; x_wconf 83' lang='grc' dir='ltr'><strong>ιιι,</strong></span> <span class='ocrx_word' id='word_1_810' title='bbox 295 5361 381 5433; x_wconf 87' lang='lat' dir='ltr'><strong>mergi</strong></span> <span class='ocrx_word' id='word_1_811' title='bbox 403 5375 452 5417; x_wconf 95' lang='lat' dir='ltr'><strong>eos</strong></span> <span class='ocrx_word' id='word_1_812' title='bbox 473 5362 500 5418; x_wconf 91' lang='lat' dir='ltr'><strong>in</strong></span> <span class='ocrx_word' id='word_1_813' title='bbox 525 5374 622 5433; x_wconf 91' lang='lat' dir='ltr'><strong>aquam</strong></span> <span class='ocrx_word' id='word_1_814' title='bbox 635 5359 737 5431; x_wconf 84' lang='lat' dir='ltr'><strong>iussit,</strong></span> <span class='ocrx_word' id='word_1_815' title='bbox 753 5368 783 5415; x_wconf 95' lang='lat' dir='ltr'><strong>ut</strong></span> <span class='ocrx_word' id='word_1_816' title='bbox 796 5358 933 5425; x_wconf 89' lang='lat' dir='ltr'><strong>biberent,</strong></span> <span class='ocrx_word' id='word_1_817' title='bbox 947 5371 1017 5428; x_wconf 93' lang='lat' dir='ltr'><strong>quo·</strong></span> <span class='ocrx_word' id='word_1_818' title='bbox 1068 5353 1196 5415; x_wconf 81' lang='lat' dir='ltr'><strong>discatur.</strong></span> <span class='ocrx_word' id='word_1_819' title='bbox 1219 5369 1282 5424; x_wconf 81' lang='lat' dir='ltr'><strong>quae</strong></span> <span class='ocrx_word' id='word_1_820' title='bbox 1305 5354 1419 5411; x_wconf 91' lang='lat' dir='ltr'><strong>innuere</strong></span> <span class='ocrx_word' id='word_1_821' title='bbox 1435 5354 1543 5411; x_wconf 84' lang='lat' dir='ltr'><strong>uidetur</strong></span> <span class='ocrx_word' id='word_1_822' title='bbox 1555 5355 1635 5410; x_wconf 85' lang='lat' dir='ltr'><strong>cieret</strong></span> <span class='ocrx_word' id='word_1_823' title='bbox 1651 5353 1753 5410; x_wconf 90' lang='lat' dir='ltr'><strong>ibidem</strong></span> <span class='ocrx_word' id='word_1_824' title='bbox 1764 5351 1869 5410; x_wconf 86' lang='lat' dir='ltr'><strong>debere</strong></span> 
     </span>
    </p>
   </div>
   <div class='ocr_carea' id='block_1_15' title="bbox 219 5421 1867 5497">
    <p class='ocr_par' dir='ltr' id='par_1_35' title="bbox 219 5421 1867 5497">
     <span class='ocr_line' id='line_1_68' title="bbox 219 5421 1867 5497; baseline -0.004 -10"><span class='ocrx_word' id='word_1_825' title='bbox 219 5432 296 5488; x_wconf 85' lang='lat' dir='ltr'><strong>triam</strong></span> <span class='ocrx_word' id='word_1_826' title='bbox 307 5446 368 5489; x_wconf 91' lang='lat' dir='ltr'><strong>esse</strong></span> <span class='ocrx_word' id='word_1_827' title='bbox 381 5431 497 5489; x_wconf 88' lang='lat' dir='ltr'><strong>nollent.</strong></span> <span class='ocrx_word' id='word_1_828' title='bbox 518 5432 575 5489; x_wconf 88' lang='lat' dir='ltr'><strong>Cic.</strong></span> <span class='ocrx_word' id='word_1_829' title='bbox 592 5431 641 5487; x_wconf 93' lang='lat' dir='ltr'><strong>lib.</strong></span> <span class='ocrx_word' id='word_1_830' title='bbox 655 5448 675 5486; x_wconf 91' lang='grc' dir='ltr'><strong>ιι</strong></span> <span class='ocrx_word' id='word_1_831' title='bbox 688 5430 721 5487; x_wconf 92' lang='lat' dir='ltr'><strong>de</strong></span> <span class='ocrx_word' id='word_1_832' title='bbox 733 5431 828 5486; x_wconf 83' lang='lat' dir='ltr'><strong>Notur.</strong></span> <span class='ocrx_word' id='word_1_833' title='bbox 843 5428 928 5485; x_wconf 81' lang='lat' dir='ltr'><strong>Faun.</strong></span> <span class='ocrx_word' id='word_1_834' title='bbox 1069 5423 1162 5480; x_wconf 86' lang='lat' dir='ltr'><strong>scribi.</strong></span> <span class='ocrx_word' id='word_1_835' title='bbox 1177 5423 1231 5480; x_wconf 86' lang='lat' dir='ltr'><strong>Pro</strong></span> <span class='ocrx_word' id='word_1_836' title='bbox 1244 5426 1314 5480; x_wconf 84' lang='lat' dir='ltr'><strong>inter</strong></span> <span class='ocrx_word' id='word_1_837' title='bbox 1328 5426 1455 5497; x_wconf 83' lang='lat' dir='ltr'><strong>primores</strong></span> <span class='ocrx_word' id='word_1_838' title='bbox 1465 5424 1551 5497; x_wconf 84' lang='lat' dir='ltr'><strong>bugd.</strong></span> <span class='ocrx_word' id='word_1_839' title='bbox 1565 5425 1627 5481; x_wconf 86' lang='lat' dir='ltr'><strong>Bat.</strong></span> <span class='ocrx_word' id='word_1_840' title='bbox 1639 5434 1704 5482; x_wconf 87' lang='lat' dir='ltr'><strong>tert.</strong></span> <span class='ocrx_word' id='word_1_841' title='bbox 1718 5436 1781 5479; x_wconf 91' lang='lat' dir='ltr'><strong>cum</strong></span> <span class='ocrx_word' id='word_1_842' title='bbox 1793 5421 1867 5481; x_wconf 89' lang='lat' dir='ltr'><strong>Coll.</strong></span> 
     </span>
    </p>
   </div>
   <div class='ocr_carea' id='block_1_16' title="bbox 217 5493 1872 5931">
    <p class='ocr_par' dir='ltr' id='par_1_36' title="bbox 217 5493 1872 5931">
     <span class='ocr_line' id='line_1_69' title="bbox 256 5493 1697 5583; baseline -0.005 -24"><span class='ocrx_word' id='word_1_843' title='bbox 256 5505 283 5559; x_wconf 88' lang='grc'><strong>7.</strong></span> <span class='ocrx_word' id='word_1_844' title='bbox 304 5502 369 5559; x_wconf 82' lang='lat' dir='ltr'><strong>Cum</strong></span> <span class='ocrx_word' id='word_1_845' title='bbox 383 5504 465 5561; x_wconf 83' lang='lat' dir='ltr'><strong>clusae</strong></span> <span class='ocrx_word' id='word_1_846' title='bbox 479 5513 581 5560; x_wconf 86' lang='lat' dir='ltr'><strong>centum</strong></span> <span class='ocrx_word' id='word_1_847' title='bbox 594 5514 617 5558; x_wconf 91' lang='lat' dir='ltr'><strong>et</strong></span> <span class='ocrx_word' id='word_1_848' title='bbox 631 5503 723 5575; x_wconf 81' lang='lat' dir='ltr'><strong>viginti</strong></span> <span class='ocrx_word' id='word_1_849' title='bbox 742 5501 858 5557; x_wconf 81' lang='grc' dir='ltr'><strong>ιιιιιιι.</strong></span> <span class='ocrx_word' id='word_1_850' title='bbox 886 5501 933 5557; x_wconf 81' lang='lat' dir='ltr'><strong>llis</strong></span> <span class='ocrx_word' id='word_1_851' title='bbox 958 5510 1016 5559; x_wconf 87' lang='lat' dir='ltr'><strong>tres</strong></span> <span class='ocrx_word' id='word_1_852' title='bbox 1068 5493 1189 5552; x_wconf 72' lang='lat' dir='ltr'><strong>Gronov·</strong></span> <span class='ocrx_word' id='word_1_853' title='bbox 1208 5495 1371 5553; x_wconf 76' lang='lat' dir='ltr'><strong>bebeit&#39;ttier</strong></span> <span class='ocrx_word' id='word_1_854' title='bbox 1385 5496 1493 5563; x_wconf 74' lang='lat' dir='ltr'><strong>primos.</strong></span> <span class='ocrx_word' id='word_1_855' title='bbox 1683 5563 1697 5583; x_wconf 79' lang='lat'><strong>.</strong></span> 
     </span>
     <span class='ocr_line' id='line_1_70' title="bbox 218 5564 1869 5648; baseline -0.001 -19"><span class='ocrx_word' id='word_1_856' title='bbox 218 5575 297 5630; x_wconf 87' lang='lat' dir='ltr'><strong>addit</strong></span> <span class='ocrx_word' id='word_1_857' title='bbox 321 5574 470 5648; x_wconf 83' lang='lat' dir='ltr'><strong>Polybius,</strong></span> <span class='ocrx_word' id='word_1_858' title='bbox 494 5575 541 5646; x_wconf 91' lang='lat' dir='ltr'><strong>qui</strong></span> <span class='ocrx_word' id='word_1_859' title='bbox 564 5587 674 5630; x_wconf 90' lang='lat' dir='ltr'><strong>omnem</strong></span> <span class='ocrx_word' id='word_1_860' title='bbox 698 5589 757 5630; x_wconf 89' lang='lat' dir='ltr'><strong>rem</strong></span> <span class='ocrx_word' id='word_1_861' title='bbox 777 5573 889 5645; x_wconf 92' lang='lat' dir='ltr'><strong>copiose</strong></span> <span class='ocrx_word' id='word_1_862' title='bbox 910 5582 1015 5630; x_wconf 83' lang='lat' dir='ltr'><strong>narrat.</strong></span> <span class='ocrx_word' id='word_1_863' title='bbox 1104 5567 1150 5623; x_wconf 86' lang='lat' dir='ltr'><strong>ll.</strong></span> <span class='ocrx_word' id='word_1_864' title='bbox 1167 5567 1244 5633; x_wconf 74' lang='lat' dir='ltr'><strong>apud</strong></span> <span class='ocrx_word' id='word_1_865' title='bbox 1259 5567 1371 5641; x_wconf 81' lang='lat' dir='ltr'><strong>AEqotes</strong></span> <span class='ocrx_word' id='word_1_866' title='bbox 1385 5565 1509 5622; x_wconf 86' lang='lat' dir='ltr'><strong>insulam.</strong></span> <span class='ocrx_word' id='word_1_867' title='bbox 1526 5564 1789 5641; x_wconf 58' lang='lat' dir='ltr'><strong>Polymnestorem</strong></span> <span class='ocrx_word' id='word_1_868' title='bbox 1801 5566 1869 5641; x_wconf 76' lang='lat' dir='ltr'><strong>arpis</strong></span> 
     </span>
     <span class='ocr_line' id='line_1_71' title="bbox 217 5636 1872 5715; baseline -0.005 -14"><span class='ocrx_word' id='word_1_869' title='bbox 217 5644 303 5703; x_wconf 77' lang='lat' dir='ltr'><strong>Peon.</strong></span> <span class='ocrx_word' id='word_1_870' title='bbox 1067 5643 1114 5699; x_wconf 76' lang='grc' dir='ltr'><strong>τιν</strong></span> <span class='ocrx_word' id='word_1_871' title='bbox 1135 5637 1260 5712; x_wconf 76' lang='grc' dir='ltr'><strong>Δῖγοισαι</strong></span> <span class='ocrx_word' id='word_1_872' title='bbox 1283 5644 1419 5701; x_wconf 63' lang='lat' dir='ltr'><strong>virosum</strong></span> <span class='ocrx_word' id='word_1_873' title='bbox 1441 5640 1492 5715; x_wconf 82' lang='grc' dir='ltr'><strong>πρὸ</strong></span> <span class='ocrx_word' id='word_1_874' title='bbox 1511 5646 1556 5695; x_wconf 80' lang='grc' dir='ltr'><strong>τοῦ</strong></span> <span class='ocrx_word' id='word_1_875' title='bbox 1578 5636 1872 5707; x_wconf 63' lang='grc' dir='ltr'><strong>ιιιυιαίιιιιιμιιιια</strong></span> 
     </span>
     <span class='ocr_line' id='line_1_72' title="bbox 255 5709 1261 5788; baseline -0.003 -16"><span class='ocrx_word' id='word_1_876' title='bbox 255 5719 284 5772; x_wconf 88' lang='lat'><strong>8.</strong></span> <span class='ocrx_word' id='word_1_877' title='bbox 306 5716 403 5772; x_wconf 85' lang='lat' dir='ltr'><strong>Contra</strong></span> <span class='ocrx_word' id='word_1_878' title='bbox 417 5716 516 5772; x_wconf 87' lang='lat' dir='ltr'><strong>bostem</strong></span> <span class='ocrx_word' id='word_1_879' title='bbox 531 5717 677 5788; x_wconf 70' lang='lat' dir='ltr'><strong>proiectus.</strong></span> <span class='ocrx_word' id='word_1_880' title='bbox 706 5714 812 5772; x_wconf 91' lang='lat' dir='ltr'><strong>lncod.</strong></span> <span class='ocrx_word' id='word_1_881' title='bbox 833 5713 1017 5772; x_wconf 85' lang='lat' dir='ltr'><strong>meoadditur</strong></span> <span class='ocrx_word' id='word_1_882' title='bbox 1066 5709 1151 5767; x_wconf 85' lang='lat' dir='ltr'><strong>Silius</strong></span> <span class='ocrx_word' id='word_1_883' title='bbox 1165 5713 1212 5767; x_wconf 94' lang='lat' dir='ltr'><strong>lib.</strong></span> <span class='ocrx_word' id='word_1_884' title='bbox 1229 5725 1261 5769; x_wconf 85' lang='lat' dir='ltr'><strong>t:</strong></span> 
     </span>
     <span class='ocr_line' id='line_1_73' title="bbox 219 5783 1015 5858; baseline 0 -15"><span class='ocrx_word' id='word_1_885' title='bbox 219 5798 269 5843; x_wconf 85' lang='lat' dir='ltr'><strong>eat.</strong></span> <span class='ocrx_word' id='word_1_886' title='bbox 285 5787 352 5844; x_wconf 87' lang='lat' dir='ltr'><strong>heta</strong></span> <span class='ocrx_word' id='word_1_887' title='bbox 367 5802 416 5858; x_wconf 93' lang='lat' dir='ltr'><strong>pro</strong></span> <span class='ocrx_word' id='word_1_888' title='bbox 427 5788 513 5857; x_wconf 84' lang='lat' dir='ltr'><strong>ibique</strong></span> <span class='ocrx_word' id='word_1_889' title='bbox 522 5802 592 5854; x_wconf 78' lang='lat' dir='ltr'><strong>mou,</strong></span> <span class='ocrx_word' id='word_1_890' title='bbox 606 5788 668 5844; x_wconf 86' lang='lat' dir='ltr'><strong>cod.</strong></span> <span class='ocrx_word' id='word_1_891' title='bbox 682 5787 809 5845; x_wconf 78' lang='lat' dir='ltr'><strong>Perizon.</strong></span> <span class='ocrx_word' id='word_1_892' title='bbox 821 5783 887 5855; x_wconf 71' lang='lat' dir='ltr'><strong>legii</strong></span> <span class='ocrx_word' id='word_1_893' title='bbox 896 5785 932 5839; x_wconf 83' lang='lat' dir='ltr'><strong>ibi</strong></span> <span class='ocrx_word' id='word_1_894' title='bbox 943 5802 1015 5853; x_wconf 78' lang='lat' dir='ltr'><strong>aton,</strong></span> 
     </span>
     <span class='ocr_line' id='line_1_74' title="bbox 219 5855 1016 5931; baseline 0.001 -17"><span class='ocrx_word' id='word_1_895' title='bbox 219 5867 247 5914; x_wconf 89' lang='lat' dir='ltr'><strong>at</strong></span> <span class='ocrx_word' id='word_1_896' title='bbox 262 5858 360 5929; x_wconf 87' lang='lat' dir='ltr'><strong>reliqui</strong></span> <span class='ocrx_word' id='word_1_897' title='bbox 384 5873 480 5915; x_wconf 92' lang='lat' dir='ltr'><strong>omncs</strong></span> <span class='ocrx_word' id='word_1_898' title='bbox 501 5858 546 5913; x_wconf 89' lang='lat' dir='ltr'><strong>ubi</strong></span> <span class='ocrx_word' id='word_1_899' title='bbox 557 5873 637 5924; x_wconf 81' lang='lat' dir='ltr'><strong>mac,</strong></span> <span class='ocrx_word' id='word_1_900' title='bbox 661 5873 777 5931; x_wconf 85' lang='lat' dir='ltr'><strong>quorum</strong></span> <span class='ocrx_word' id='word_1_901' title='bbox 801 5870 899 5926; x_wconf 79' lang='lat' dir='ltr'><strong>magua</strong></span> <span class='ocrx_word' id='word_1_902' title='bbox 914 5855 1016 5915; x_wconf 88' lang='lat' dir='ltr'><strong>deinde</strong></span> 
     </span>
    </p>
   </div>
   <div class='ocr_carea' id='block_1_17' title="bbox 219 5886 1683 6003">
    <p class='ocr_par' dir='ltr' id='par_1_37' title="bbox 219 5886 1683 6003">
     <span class='ocr_line' id='line_1_75' title="bbox 219 5886 1683 6003; baseline -0.044 -4"><span class='ocrx_word' id='word_1_903' title='bbox 219 5940 284 6001; x_wconf 65' lang='lat' dir='ltr'><strong>Piis</strong></span> <span class='ocrx_word' id='word_1_904' title='bbox 295 5928 368 5990; x_wconf 83' lang='lat' dir='ltr'><strong>delet</strong></span> <span class='ocrx_word' id='word_1_905' title='bbox 382 5939 419 5987; x_wconf 69' lang='lat' dir='ltr'><strong>etl</strong></span> <span class='ocrx_word' id='word_1_906' title='bbox 441 5938 504 6002; x_wconf 88' lang='lat' dir='ltr'><strong>post</strong></span> <span class='ocrx_word' id='word_1_907' title='bbox 523 5938 678 6001; x_wconf 70' lang='lat' dir='ltr'><strong>sepontusy</strong></span> <span class='ocrx_word' id='word_1_908' title='bbox 701 5929 775 5989; x_wconf 57' lang='grc' dir='ltr'><strong>ωηο</strong></span> <span class='ocrx_word' id='word_1_909' title='bbox 797 5936 861 6003; x_wconf 61' lang='lat' dir='ltr'><strong>pugg,</strong></span> <span class='ocrx_word' id='word_1_910' title='bbox 874 5927 914 5986; x_wconf 50' lang='grc' dir='ltr'><strong>,ια</strong></span> <span class='ocrx_word' id='word_1_911' title='bbox 927 5929 1016 5988; x_wconf 56' lang='lat' dir='ltr'><strong>wgo„</strong></span> <span class='ocrx_word' id='word_1_912' title='bbox 1192 5923 1241 5940; x_wconf 83' lang='lat'><strong>·····</strong></span> <span class='ocrx_word' id='word_1_913' title='bbox 1254 5888 1319 5942; x_wconf 78' lang='lat' dir='ltr'><strong>bret</strong></span> <span class='ocrx_word' id='word_1_914' title='bbox 1330 5889 1431 5955; x_wconf 75' lang='lat' dir='ltr'><strong>AEgates</strong></span> <span class='ocrx_word' id='word_1_915' title='bbox 1442 5886 1683 5951; x_wconf 83' lang='lat' dir='ltr'><strong>abolerepatentum</strong></span> 
     </span>
    </p>
   </div>
   <div class='ocr_carea' id='block_1_18' title="bbox 1195 5950 1323 6004">
    <p class='ocr_par' dir='ltr' id='par_1_38' title="bbox 1195 5950 1323 6004">
     <span class='ocr_line' id='line_1_76' title="bbox 1195 5950 1323 6004; baseline -0.023 0"><span class='ocrx_word' id='word_1_916' title='bbox 1195 5950 1323 6004; x_wconf 82' lang='lat' dir='ltr'><strong>Dedecus.</strong></span> 
     </span>
    </p>
   </div>
   <div class='ocr_carea' id='block_1_19' title="bbox 0 0 2100 6434">
    <p class='ocr_par' dir='ltr' id='par_1_39' title="bbox 0 0 2100 6434">
     <span class='ocr_line' id='line_1_77' title="bbox 0 0 2100 6434; baseline 0 2"><span class='ocrx_word' id='word_1_917' title='bbox 0 0 2100 6434; x_wconf 95' lang='lat' dir='ltr'><strong> </strong></span> 
     </span>
    </p>
   </div>
  </div>
 </body>
</html>
