4192 6434
462 349 568 406 090

1864 344 2072 404 ritum
2110 341 2339 435 onosn

3638 338 3776 397 1000

465 460 762 533 Pompeius
806 460 971 535 3⁷8
1013 465 1139 533 post
1172 460 1395 515 multam
1428 458 1648 529 quidem
1681 459 2062 528 vastationem,
2096 462 2142 521 Α
2171 457 2417 530 Namque
2445 458 2515 514 de
2554 456 2797 514 exercitu
2845 456 2994 529 regio
3026 454 3388 527 quadraginta
3428 452 3603 511 millia
3642 470 3781 511 caesa

461 570 624 625 qnam
652 562 799 609 terra
826 552 1074 622 marique
1102 552 1191 607 diu
1224 561 1472 623 egerant,
1504 553 1642 608 mira
1668 562 1850 609 tamen
1874 554 2068 609 celeri-

459 657 570 705 tate
592 647 938 719 compressit.
956 647 977 678 ⁶
993 645 1197 702 Eodem
1219 656 1466 716 tempore
1477 646 1694 704 Cretam
1721 647 1953 703 insulam
1974 663 2070 718 per

459 738 745 797 biennium
760 738 1009 795 Metellus
1023 738 1245 805 evertit,
1261 738 1630 809 diuturnoque
1649 738 1791 795 bello
1806 738 2066 794 domitam

462 834 519 890 in
542 840 868 906 potestatem
891 830 1125 902 redegit,
1147 831 1407 902 legesque
1428 831 1624 887 Minois
1647 830 1907 887 Romanis
1928 830 2068 901 legi-

459 927 567 983 bus
584 924 932 999 permutavit.
949 926 969 956 ⁷
985 923 1277 994 Pompeius
1301 933 1510 994 postea,
1529 938 1820 981 successor
1833 922 2064 993 Luculli,

462 1018 518 1076 in
551 1017 752 1075 minori
784 1016 1040 1074 Armenia
1066 1015 1222 1086 juxta
1253 1025 1494 1073 montem
1521 1015 1843 1072 Dastracum
1881 1022 2062 1071 castra

465 1110 613 1181 regis
638 1108 921 1165 obsidione
946 1108 1233 1164 conclusit.
1280 1107 1398 1163 Rex
1430 1123 1555 1165 cum
1582 1106 1837 1164 omnibus
1866 1107 2060 1179 copiis,

464 1201 753 1272 eruptione
790 1215 886 1270 per
913 1208 1130 1256 noctem
1170 1198 1342 1266 sacta,
1375 1200 1597 1269 insuper
1625 1201 1791 1255 etiam
1821 1201 1843 1231 ⁸
1879 1213 2069 1268 perse-

464 1307 722 1369 quentem
752 1294 898 1351 bello
930 1294 1198 1365 repellere
1228 1296 1439 1349 statuit.
1474 1293 1765 1365 Pompeius
1798 1292 2070 1364 fugientes

465 1386 723 1459 persequi
753 1385 1008 1443 intendit.
1046 1384 1234 1457 ltaque
1256 1389 1277 1419 ⁹
1299 1384 1499 1442 bellum
1529 1394 1688 1442 nocte
1715 1387 2066 1443 commissum

467 1488 570 1536 est.
604 1479 754 1535 Luna
786 1488 912 1534 tune
938 1487 1089 1543 orta,
1122 1491 1151 1531 a
1184 1486 1335 1547 tergo
1366 1477 1621 1533 Romanis
1652 1479 1694 1510 ¹⁰
1725 1485 1864 1534 erat.
1911 1478 2068 1549 Regii

469 1571 510 1603 ¹¹
528 1570 919 1642 longitudinem
936 1569 1250 1624 umbrarum
1272 1569 1673 1640 proximitatem
1687 1570 1927 1624 hostium
1948 1570 2069 1638 rati,

469 1661 634 1735 379
655 1671 848 1718 cuncta
893 1662 945 1716 in
985 1660 1201 1716 irritum
1246 1663 1358 1717 tela
1394 1661 1438 1692 ¹¹
1470 1659 1751 1716 fuderunt.
1799 1660 2068 1731 Romani,

467 1755 643 1810 veluti
668 1755 906 1811 inermes
927 1762 1114 1825 postea
1139 1750 1403 1823 aggressi,
1429 1753 1552 1809 sine
1575 1754 1765 1810 labore
1794 1755 2067 1811 vicerunt.

2172 550 2260 607 vel
2280 562 2437 622 capta
2468 560 2617 617 sunt,
2647 552 2693 591 ¹⁸
2716 549 2948 605 Romani
2981 550 3249 607 vulnerati
3278 549 3452 615 mille,
3474 548 3561 605 vix
3598 558 3781 607 autem

2175 643 2221 676 ¹³
2251 643 2605 715 quadraginta
2632 643 2931 701 interfecti.
2969 643 3014 676 ¹⁸
3034 643 3151 700 Rex
3181 643 3323 700 inter
3355 642 3631 699 tumultus
3655 642 3783 701 belli

2173 737 2298 810 luga
2320 740 2562 810 elapSttS,
2586 739 2806 810 adiutus
2826 740 2990 796 etiam
3037 739 3305 796 beneflcio
3326 737 3631 795 sublustris
3654 755 3783 796 noc-

2176 832 2245 887 tis
2269 832 2436 887 evasit
2467 850 2478 888 :
2515 833 2848 904 relictusque
2879 833 2947 889 ab
2972 833 3230 889 omnibns
3264 832 3494 900 amicis,
3529 830 3782 903 pbiloso-

2172 922 2316 994 phis,
2351 923 2718 993 scriptoribus
2745 940 2927 980 rerum
2963 924 3045 981 vel
3075 923 3406 989 carminum.
3430 939 3497 980 ac
3521 922 3779 997 medicis,

2174 1017 2325 1072 solus
2344 1030 2442 1087 per
2461 1015 2621 1072 devia
2644 1031 2841 1087 equum
2867 1032 3030 1075 mann
3048 1015 3301 1084 trahenS,
3323 1024 3491 1086 atque
3506 1014 3578 1071 ad
3594 1030 3783 1074 omnes

2173 1117 2474 1165 nocturnos
2495 1109 2760 1180 strepitus
2796 1110 2840 1142 ¹⁸
2870 1108 3148 1180 trepidans
3165 1152 3180 1177 ,
3203 1109 3257 1166 in
3278 1109 3565 1181 quoddam
3587 1110 3779 1167 castel·

2176 1201 2287 1257 lum
2317 1203 2357 1235 ¹⁷
2382 1201 2638 1271 devertit,
2671 1213 2837 1275 atque
2878 1203 3007 1259 inde
3046 1203 3100 1259 in
3144 1205 3459 1261 Armeniam
3520 1205 3773 1276 perrexit.

2176 1293 2469 1366 Pompeius
2507 1312 2692 1367 regem
2728 1298 2772 1329 ¹⁸
2794 1296 3163 1363 insecuturus,
3208 1298 3353 1355 inter
3392 1297 3506 1354 duo
3534 1297 3771 1364 numina,

2177 1403 2298 1457 quae
2331 1388 2399 1443 ab
2431 1404 2541 1445 uno
2582 1398 2765 1445 monte
2805 1390 3045 1447 diversis
3084 1389 3359 1462 specubus
3402 1389 3769 1457 exoriuntur,

2182 1480 2287 1535 hoe
2313 1491 2428 1547 est,
2464 1481 2793 1553 Euphratem
2830 1493 2883 1539 et
2912 1484 3179 1555 Araxem,
3224 1484 3417 1541 urbem
3450 1483 3771 1555 Nicopolim,

2186 1576 2226 1607 ¹⁹
2250 1575 2473 1632 senibus
2500 1576 2659 1632 lassis
2686 1586 2741 1634 et
2764 1578 2924 1649 :egris
2946 1579 3276 1649 volentibus,
3298 1579 3583 1648 condidit;
3604 1580 3771 1638 oranti

2178 1664 2399 1738 Tigrani
2429 1669 2641 1724 reniam
2672 1669 2822 1726 dedit
2852 1687 2867 1737 ;
2908 1672 3203 1729 exercitum
3232 1673 3279 1705 ¹⁰
3308 1672 3517 1729 Orodis
3549 1672 3771 1731 Albano-

2177 1776 2296 1817 rum
2330 1763 2493 1833 rcgis,
2524 1763 2917 1836 praefectosque
2946 1765 3063 1837 ejus
3094 1774 3177 1822 ter
3202 1765 3392 1839 praelio
3425 1764 3603 1823 vicit:
3636 1778 3773 1839 post·

1765 1890 2224 1952 tmvssttcam‘t
2263 1898 2497 1958 NOTAE.

469 2002 610 2046 nova
641 1986 934 2058 piratarum
964 1982 1112 2050 sede,
1143 1982 1395 2039 Lucanus
1423 1982 1522 2039 lib.
1554 1999 1612 2050 ιι,
1646 1985 1782 2041 575:

595 2097 713 2161 Qul,
740 2108 850 2147 eum
874 2095 1013 2157 signa
1037 2091 1128 2142 tuli
1154 2085 1257 2143 to'to
1282 2092 1524 2156 fulgentia
1549 2101 1719 2158 ponto,

594 2161 726 2210 Ante
751 2158 829 2207 his
849 2163 1077 2207 exactum
1098 2169 1240 2218 quam
1263 2155 1465 2219 Cynthia
1482 2155 1723 2208 conderet
1743 2157 1938 2220 orbem,

598 2222 760 2271 Omne
780 2218 1207 2270 fretummetucns
1226 2217 1390 2280 pelagi
1417 2219 1571 2279 pirata
1597 2219 1816 2282 reliquit,

596 2285 921 2347 Angustaque
945 2282 1142 2330 domum
1163 2286 1408 2329 terrarum
1432 2282 1480 2329 in
1504 2280 1627 2330 sede
1653 2283 1892 2344 poposcit.

470 2414 755 2472 noncessit
797 2410 944 2468 enim
988 2406 1179 2480 piratis
1211 2407 1500 2475 Pompeius
1534 2418 1593 2462 ut
1620 2407 1810 2491 SolnS,
1858 2408 2068 2467 Cilicia!

472 2487 685 2552 urbem,
715 2483 1044 2547 habitarent,
1076 2480 1307 2543 testibus
1333 2479 1504 2533 llione
1527 2479 1717 2534 Cassio
1750 2482 1847 2536 lib.
1875 2497 2066 2551 xxxvi,

512 2602 526 2616 ·
558 2560 649 2623 ¹3,
680 2565 735 2613 et
762 2553 1031 2613 sunbona
1061 2544 1113 2619 ρ’,
1161 2550 1290 2606 462²..
1317 2549 1500 2619 Quare
1531 2565 1670 2606 nova
1700 2555 1818 2606 haee
1845 2553 2066 2607 colonia

467 2573 880 2700 gompeiopolin
912 2625 1098 2681 urbem
1125 2636 1279 2676 suani
1313 2621 1549 2687 vocavit,
1584 2622 1637 2697 in
1670 2637 1776 2691 qua
1810 2624 1946 2679 urbe
1971 2638 2069 2679 cu-

469 2713 590 2756 sum
611 2715 735 2756 cum
765 2695 1066 2752 conditoris
1093 2692 1336 2761 Pompeii
1385 2693 1563 2761 capite
1612 2708 1893 2750 nummum
1943 2696 2070 2751 insi·

469 2786 630 2841 gnem
681 2768 907 2840 produxi
964 2768 1016 2820 in
1068 2764 1350 2819 Thesauro
1401 2763 1721 2819 Motelliano
1773 2774 1906 2819 tom.
1940 2765 1978 2830 Ι,
2008 2780 2062 2836 p.

468 2843 595 2904 559,
643 2841 751 2898 Sed
781 2848 836 2894 et
868 2838 984 2908 ipse
1012 2846 1200 2905 postea
1234 2836 1501 2890 ine-litum
1529 2836 1763 2890 alterum
1792 2877 1807 2898 ,
1839 2852 1938 2892 nec
1968 2837 2070 2891 mi-

467 2928 572 2970 nus
604 2921 827 2969 raritate
847 2920 1011 2978 atque
1042 2906 1377 2976 integritate,
1405 2905 1571 2961 imino
1592 2917 1647 2961 et
1677 2921 1815 2962 nova
1847 2908 2068 2977 insuper

465 2984 784 3040 instaur-atie
809 2980 983 3044 urbis,
1018 2991 1303 3048 postquam
1326 2991 1522 3031 nomen
1543 2991 1702 3033 suum
1730 2985 2060 3046 mutaverat,

464 3070 574 3112 aera
603 3053 991 3125 conspicuum,
1024 3063 1145 3105 sum
1180 3055 1394 3111 nactus,
1424 3063 1584 3116 quein
1611 3089 1626 3114 ,
1656 3064 1725 3103 cx
1755 3064 1950 3105 niuseo
1975 3065 2067 3105 no·

462 3137 598 3193 stro,
629 3126 843 3195 adjecto
863 3134 1089 3179 nummo
1105 3118 1429 3174 Morclliano
1453 3118 1706 3190 (uterque
1728 3135 1864 3176 vero
1888 3136 2065 3203 aereus

462 3196 570 3271 est)
591 3195 926 3256 examussim
957 3194 1025 3248 ad
1052 3199 1385 3262 arctietypon
1417 3189 1778 3261 delineatum,
1805 3192 2060 3264 subjicio.

524 4724 578 4782 6.
603 4723 800 4784 Eodem
827 4736 1055 4805 tempore
1073 4710 1300 4800 Cretam.
1333 4738 1413 4797 De
1432 4736 1577 4795 bello
1601 4696 1804 4798 Cretico
1824 4743 2049 4815 Xipbili·
2076 4774 2129 4838 D

453 4811 557 4854 nus
582 4797 635 4853 in
667 4798 949 4872 Pompeio,
996 4802 1179 4861 Livius
1229 4809 1327 4871 lib.
1359 4824 1521 4867 xcvtn
1562 4819 1619 4867 et
1645 4827 1798 4885 seq„
1852 4815 2044 4875 Florus

454 4866 552 4924 lib.
582 4885 640 4925 ιιι
660 4884 785 4942 cap.
819 4874 876 4940 7,
906 4872 1150 4931 Velleius
1175 4877 1275 4935 lib.
1303 4896 1363 4939 ιι.
1394 4881 1561 4940 Fauii.

527 4939 583 4997 7.
613 4938 918 5016 Pompeius,
961 4961 1228 5004 successor
1266 4950 1495 5008 Luculli.
1548 4952 1808 5025 Pompeio
1836 4957 2040 5019 bellum

423 5008 877 5072 ·Mithridaticum
923 5016 1236 5077 mandatum
1283 5022 1382 5079 luit
1412 5024 1461 5079 le
1501 5039 1531 5079 e
1560 5024 1781 5085 lilanilia
1805 5070 1822 5094 ,
1874 5046 2038 5096 quam

452 5077 646 5138 Cicero
675 5086 863 5141 suasit.
904 5087 1213 5161 Appianns,
1247 5092 1466 5151 Plutarc
1489 5109 1570 5150 ius
1596 5104 1652 5152 et
1678 5098 1834 5158 Diod.
1867 5102 2034 5160 Fami.

525 5150 580 5207 8.
613 5152 773 5211 Perre
813 5169 1037 5215 nentem.
1069 5160 1207 5219 ‘l'res
1234 5164 1402 5236 Lugtl.
1427 5165 1569 5222 Batt.
1594 5182 1715 5225 cum
1736 5168 1872 5228 Coll.
1901 5174 2040 5232 Gro-

451 5235 582 5279 nov.
611 5233 667 5280 et
693 5225 761 5282 ed
807 5269 821 5283 .
846 5231 1188 5302 quibusdam,
1221 5247 1605 5309 persequentes.

520 5295 575 5353 9.
602 5295 813 5354 Bellum
841 5310 987 5358 noete
1012 5306 1340 5363 centuriatum
1364 5310 1556 5377 estne
1581 5309 1687 5371 hoc
1714 5314 1905 5385 proelio
1931 5331 2032 5375 no-

445 5375 663 5435 cturno,
697 5380 900 5438 praeter
927 5375 1263 5446 Appianum,
1311 5378 1661 5440 Plutarchum
1696 5396 1750 5442 et
1775 5386 2025 5455 Dionem,

442 5437 643 5497 Florus
693 5441 786 5499 lib.
821 5458 880 5499 ιιι
926 5460 1045 5515 cap.
1089 5446 1145 5511 5.
1171 5448 1399 5534 Eutrop.
1433 5451 1530 5510 lib.
1569 5468 1622 5511 vi
1648 5498 1664 5522 ,
1711 5458 1802 5514 ubi
1837 5458 2030 5517 scribit

439 5508 788 5583 Pompeium,
836 5531 903 5572 ιι.
932 5515 1170 5573 millibus
1198 5520 1427 5590 occisis,
1482 5522 1698 5595 triginta
1728 5538 1908 5585 autem
1956 5532 2026 5588 de

440 5585 682 5641 exercitu
711 5600 812 5643 suo
877 5585 1168 5656 erdidisse,
1203 5600 1258 5647 et
1285 5590 1422 5650 duos
1450 5596 1817 5657 centuriones.
1853 5599 2017 5659 Faue.

512 5654 602 5712 10.
639 5655 790 5718 Erat.
870 5658 926 5716 d.
954 5662 1183 5730 August.
1207 5704 1223 5729 ‚
1252 5663 1377 5734 [uit.

507 5725 596 5781 11.
611 5724 1016 5801 Lonqitudiucm
1034 5729 1356 5788 umbrarum.
1370 5732 1449 5790 Ita
1470 5738 1688 5807 reposui
1711 5754 1778 5797 ex
1798 5743 2028 5800 auctori-

431 5801 543 5852 tate
569 5799 778 5857 codicis
804 5800 1093 5876 Longob.;
1138 5820 1264 5861 nam
1294 5804 1454 5877 vulgo
1480 5808 1760 5880 scribitur,
1787 5812 2020 5886 lonqitu-

429 5864 553 5924 aine
579 5871 898 5932 umbrarum.
945 5878 1013 5933 At
1044 5889 1176 5937 vero
1209 5874 1345 5952 regii
1374 5892 1485 5939 non
1511 5879 1867 5955 coniecerunt
1889 5900 2019 5960 pro-

2102 1996 2152 2058 Β
2180 1992 2483 2051 ximitatem
2533 1995 2901 2057 Romanorum
2950 2018 3020 2058 cx
3063 2003 3407 2076 longitudine
3440 2006 3767 2077 umbrarum,

2178 2080 2353 2135 neque
2379 2067 2522 2122 enim
2551 2071 2630 2124 sic
2660 2072 2762 2126 tela
2794 2072 2847 2125 in
2878 2074 3092 2131 irritum
3126 2081 3641 2147 consumpsissent,
3661 2080 3767 2149 sed,

2174 2135 2514 2207 longitudine
2536 2142 2852 2198 umbrarum
2877 2144 3118 2216 decepti,
3146 2157 3203 2204 et
3228 2149 3404 2218 ipsam
3433 2149 3586 2205 illam
3613 2151 3769 2221 longi-

2174 2207 2438 2279 tudinem,
2469 2226 2659 2267 vcrum
2685 2214 2974 2273 credentes
3005 2222 3306 2275 exercitum
3344 2221 3605 2277 hostilem
3634 2237 3765 2289 csse,

2173 2282 2396 2335 umbras
2435 2297 2535 2351 pro
2554 2287 2880 2353 corporibus
2910 2290 3243 2357 petiverunt.
3308 2292 3396 2354 Ἐς
3418 2294 3521 2365 γὰρ
3554 2294 3617 2349 τὸ
3644 2294 3765 2350 κενὸν

2172 2351 2235 2417 οἱ,
2258 2351 2537 2429 βάρΰαροι,
2584 2359 2655 2418 ὡς
2679 2361 2763 2412 καὶ
2786 2359 2938 2433 ἐγγὺς
2967 2363 3137 2417 αὐτῶν
3164 2359 3344 2429 ὄντων,
3382 2367 3553 2437 μάτην
3578 2363 3760 2423 ἔπαιον.

2174 2419 2245 2473 In'
2270 2439 2481 2478 racuum
2511 2429 2647 2480 cuim
2675 2427 2920 2494 barbari,
2954 2442 3217 2503 tamquam
3246 2435 3292 2488 si
3324 2452 3495 2504 prope
3538 2436 3765 2493 adessent

2173 2494 2375 2617 hesaias,
2408 2497 2610 2566 frustra
2634 2498 2885 2555 miseruut
2914 2504 3038 2559 tela.
3082 2504 3184 2561 Dio
3206 2504 3434 2563 Cassius
3460 2506 3561 2564 lib.
3592 2524 3759 2579 κατι,

2174 2579 2227 2633 p.
2339 2606 2352 2619 .

2247 2635 2334 2690 12.
2380 2635 2671 2697 Fuderunt.
2704 2641 2884 2709 Meua,
2916 2647 3190 2702 miserunt.

2245 2707 2339 2791 15..
2352 2708 2569 2765 Rotnani
2598 2712 2872 2771 rulnerati.
2913 2717 3186 2789 Perizon„
3212 2718 3448 2777 Romani
3464 2735 3645 2779 autent
3662 2724 3763 2781 rul-

2173 2787 2358 2833 nei-att.

2247 2847 2332 2903 14.
2379 2823 2737 2931 Quadra9inta
2769 2858 3046 2930 interfecti.
3090 2862 3386 2921 Iinminttto
3416 2865 3647 2937 insuper
3672 2885 3761 2925 nn·

2169 2934 2323 3046 aiere
2356 2940 2424 2979 xx
2452 2928 2698 2984 scribunt
2723 2928 2892 3002 bugd.
2922 2933 3063 2988 Batt.
3091 2951 3175 3005 pr.
3210 2943 3265 2992 et
3290 2946 3423 2993 tert.
3460 2954 3590 2995 cum
3626 2938 3755 2999 coit.

2222 3006 2410 3050 rottov.

2244 3063 2332 3121 15.
2376 3065 2505 3124 Rev.
2538 3070 2690 3127 Mens
2712 3072 2859 3129 addit
2888 3088 3082 3132 autem.

2243 3135 2332 3191 16.
2353 3136 2690 3212 Trepidam„
2720 3145 2972 3205 Perizon.
3004 3151 3261 3219 puritatis.

2241 3206 2327 3263 17.
2371 3206 2621 3268 Devertit.
2656 3216 2731 3270 lta
2759 3220 2979 3289 antiquo
3008 3237 3159 3278 more
3187 3240 3284 3294 pro
3320 3224 3569 3295 divertit,
3615 3229 3753 3287 ride·

2169 3283 2258 3331 tnr
2281 3283 2572 3349 scripsisse
2598 3287 2824 3343 Orosius
2870 3304 2939 3346 ex
2966 3290 3268 3351 imitatione
3314 3296 3530 3363 Plauti,
3561 3298 3751 3365 Taciti.

2089 3381 2136 3445 C
2168 3347 2481 3414 Quintiliani
2509 3366 2565 3411 et
2594 3358 2843 3414 aliorum.
2885 3361 2943 3416 la
2982 3362 3399 3429 Longobardico
3443 3370 3593 3426 enim
3618 3373 3753 3428 clarc

2172 3428 2351 3499 exstat
2375 3424 2619 3494 devertit,
2650 3440 2710 3484 ut
2736 3438 2792 3486 et
2820 3430 2873 3486 in
2903 3431 3043 3491 Coll.
3074 3437 3316 3495 Gronov.
3347 3438 3603 3499 Glossam
3624 3444 3751 3517 sapit

2171 3491 2302 3546 illud
2336 3493 2505 3566 Lugd.
2538 3498 2655 3555 13:21.
2690 3517 2769 3569 pr.
2803 3502 3019 3561 devenit.

2245 3563 2334 3621 18.
2376 3565 2731 3627 Insecuturus.
2782 3572 3030 3634 perizon.
3061 3620 3077 3646 ,
3106 3580 3399 3641 insecutus.
3445 3584 3594 3641 Flor.
3639 3602 3747 3660 pr..

2170 3648 2549 3703 persecuturus.

2242 3706 2330 3762 w.
2374 3710 2595 3767 Senibus
2650 3713 2806 3771 lassis
2852 3728 2899 3772 et
2928 3721 3103 3791 ‹cyr-is.
3134 3722 3191 3780 ln
3247 3724 3370 3783 aliis
3402 3738 3520 3793 est,
3559 3728 3747 3785 senibus

2168 3774 2291 3832 lixis
2315 3820 2329 3846 ,
2357 3791 2407 3834 et
2432 3785 2607 3857 oeqris.
2640 3783 2754 3856 Ego
2780 3803 2813 3845 e
2842 3789 3123 3849 Gualtheri
3154 3795 3293 3853 libro
3316 3840 3333 3863 ,
3376 3800 3591 3855 senibus
3613 3800 3749 3856 leeris

2165 3850 2475 3908 emendavi.
2504 3855 2596 3912 Sic
2628 3857 2723 3913 Dio
2744 3859 2838 3916 lib.
2878 3878 3046 3919 xxxvi
3073 3883 3085 3918 :
3118 3867 3257 3923 Πόλιν
3292 3871 3345 3925 ἐν
3388 3880 3465 3943 τῷ
3500 3874 3680 3949 χωρίῳ
3704 3874 3749 3929 ἐν

2165 3917 2206 3992 ᾧ
2233 3924 2494 4009 ἐνενικήκει
2518 3930 2768 4001 συνῴκισε
2794 3941 2901 3995 τοῖς
2928 3942 3293 4013 τραυματίαις,
3328 3946 3423 3998 καὶ
3447 3953 3565 4009 τοῖς
3590 3945 3750 4018 aquala-

2163 4014 2567 4146 ῗιῖῗιῗιῖἷὶῗῐιῖῧῖν
2603 4008 3199 4142 Z‘p‘issssiiff'iiissffniiss
3222 4010 3477 4141 ὶιυὲῗῖἷῗ
3510 4020 3749 4159 {affl}

2161 4137 2433 4204 militibus,
2461 4157 2555 4195 con
2598 4142 2713 4197 idit.
2738 4144 2899 4202 Senes
2918 4147 3122 4207 lassos.-
3142 4152 3334 4209 eodem
3358 4156 3527 4213 modo
3554 4156 3749 4215 Seneca

2161 4205 2318 4262 dixit.
2350 4207 2517 4266 Fami.
2550 4242 2621 4254 --
2642 4214 2813 4287 Lugd.
2839 4218 2959 4275 Bat.
2987 4229 3112 4276 tert.
3138 4223 3301 4280 habet
3326 4228 3464 4283 lexis
3484 4269 3501 4294 ,
3534 4228 3675 4299 quod
3700 4238 3748 4285 et

2162 4275 2220 4331 in
2248 4277 2385 4351 (gell.
2415 4283 2657 4341 Gronov.
2687 4286 2894 4345 inveni.
2937 4293 3018 4347 An
3050 4293 3213 4364 igitur
3248 4295 3547 4368 legendum
3582 4300 3747 4357 lesit!

2160 4347 2198 4403 i.
2231 4362 2283 4405 θ.
2304 4390 2321 4418 ,
2354 4360 2468 4429 3·ch
2504 4361 2878 4432 τραυματίαις,
2908 4363 3221 4429 vulneratus,
3256 4375 3315 4422 ul.
3340 4380 3425 4425 esi
3450 4371 3603 4443 apud
3634 4372 3747 4427 D'to-

2162 4434 2308 4474 nem.
2341 4425 2643 4490 Quomodo
2675 4430 2775 4485 tria
2815 4433 3089 4490 inutilium
3116 4436 3351 4493 militum
3370 4454 3583 4512 genera
3626 4458 3745 4499 enn-

2160 4503 2474 4561 inerantur,
2505 4514 2680 4566 senes,
2711 4503 2820 4556 loesi
2847 4512 2906 4559 et
2927 4507 3075 4573 wyri.
3105 4505 3161 4562 ln
3192 4507 3369 4580 Lugd.
3404 4512 3527 4571 liat.
3556 4528 3743 4571 secun·

2156 4560 2228 4616 do
2284 4563 2544 4622 scribitur
2600 4570 2653 4625 in
2704 4579 2879 4643 textu,
2934 4578 3076 4632 sicut
3104 4578 3332 4648 passim,
3370 4580 3525 4652 lixis,
3574 4586 3669 4643 sed
3693 4586 3742 4639 i·

2155 4630 2329 4705 Marg.
2356 4636 2437 4718 vel
2484 4638 2659 4695 lassis.
2692 4641 2915 4701 Seneeoe
2946 4646 3120 4715 locus,
3149 4664 3315 4720 quem
3346 4651 3639 4715 Fabricius
3664 4670 3743 4713 re-

2154 4708 2359 4777 spexit,
2389 4710 2661 4768 invenitur
2686 4714 2741 4770 in
2772 4719 3096 4788 Agamemn.
3126 4735 3290 4778 versu
3314 4723 3457 4782 56⁸:

2401 4870 2515 4924 Tibi
2536 4874 2783 4938 grandaevi
2805 4877 3020 4946 lassique
3042 4894 3213 4942 senes,

2401 4932 2636 5001 Conipote
2660 4945 2774 4990 voto
2792 4941 3007 4995 reddunt
3025 4952 3214 5021 grates,
3241 4950 3345 4999 ete.

2219 5078 2312 5138 20.
2354 5079 2543 5138 Orodis
2574 5084 2895 5143 Albanorum
2926 5089 3087 5162 reqie.
3120 5089 3179 5146 ln
3200 5091 3497 5153 Gualtberi
3523 5096 3737 5164 litant.

2150 5146 2433 5219 Hieroclis,
2464 5154 2517 5208 in
2548 5155 2668 5211 aliis
2688 5199 2704 5225 ,
2736 5156 2994 5217 Herodis.
3020 5160 3213 5219 Orodis
3240 5165 3389 5237 quud
3420 5176 3549 5225 erat
3574 5168 3627 5225 in
3648 5169 3739 5225 int-

2144 5223 2350 5289 pressis
2377 5222 2578 5293 reliqni
2606 5242 2621 5293 ;
2648 5242 2772 5284 nam
2801 5238 2858 5287 et
2878 5230 3070 5289 Florus
3094 5232 3327 5291 Orodem
3347 5238 3633 5305 nominat.
3652 5238 3739 5311 qui

2140 5290 2211 5345 ab
2236 5292 2472 5363 Appian.
2504 5296 2768 5375 ὀροίζης,
2798 5315 2830 5355 a
2858 5300 3287 5382 ὓίοιιοόροίσης
3310 5308 3538 5367 dieitur.
3580 5310 3735 5367 Fun.

2135 5390 2210 5402 —-
2236 5362 2413 5421 Latini
2440 5370 2736 5439 scriptores
2756 5372 2975 5431 Oroden
2997 5374 3179 5433 solent
3203 5378 3487 5450 seribere,
3518 5391 3575 5438 ut
3598 5390 3739 5455 patet

2136 5448 2204 5490 ex
2231 5433 2418 5507 virgil.
2453 5436 2675 5497 AEneid.
2709 5457 2772 5511 x,
2800 5444 2941 5500 752:

2257 5570 2577 5687 gigffieissem
2598 5571 2878 5640 rugientem
2892 5577 3023 5632 haud
3041 5586 3121 5634 est
3138 5580 3375 5647 dignatus
3397 5584 3601 5641 Oroden

2132 5757 2202 5818 Et
2225 5775 2388 5821 versu
2412 5764 2550 5822 757:

2244 5900 2368 5955 Pars
2386 5902 2506 5979 belli
2522 5902 2653 5959 haud
2672 5907 2955 5977 temnenda,
2980 5910 3091 5979 viri,
3104 5910 3263 5983 iacet,-
3284 5914 3424 5973 attus
3448 5918 3655 5975 omes.
