4192 6434
216 338 272 400 293
718 339 842 402 utlttt
862 336 954 401 tuott
974 336 1104 398 ustttttl
1124 334 1333 428 crtuoutcott.
1813 335 1868 398 296

217 457 252 518 Δ.
266 456 299 520 C.
315 456 378 518 tut.
432 457 798 533 metaumaucensis
818 458 956 531 prolectas
977 463 1040 530 post
1054 458 1089 514 ad
1102 457 1206 515 insulas
1225 456 1392 516 Fortunatas
1405 462 1510 532 martyr
1531 455 1597 524 lait;
1616 456 1688 516 doio
1700 455 1734 516 A.
1751 457 1787 515 u.
1801 456 1869 521 tst.

433 552 564 612 Cornelio
578 551 683 622 Palma,
695 559 725 609 ιι
736 550 778 621 ,Ρ.
792 550 914 620 Tursno,
929 549 1083 609 duumviris
1108 550 1250 609 Toletanis
1256 549 1412 623 jcatlrolicis
1425 550 1519 626 ,riris3
1539 549 1687 624 multisque

434 646 616 722 Carpetania,
629 658 655 706 ct
670 647 781 705 aliunde
793 647 929 720 episcopis
943 646 1056 704 cnaeus.

316 743 380 802 ltu.
404 742 481 801 llaad
510 742 595 799 multa
611 750 672 813 post
696 740 726 800 S.
747 740 896 813 liinnysius
910 737 1077 813 areopagita
1098 737 1243 813 Hispanias
1259 736 1414 811 inrisit,ut
1427 738 1533 814 legatus
1546 752 1564 798 a
1576 738 1610 799 B.
1625 735 1689 801 cte-
1804 744 1869 804 dil.

435 848 529 895 mente
541 837 629 894 totius
643 834 799 893 Occidentis
813 834 967 891 ordinatus.
991 820 994 824 ’

816 969 958 1039 ,urrann
975 945 1262 1033 consentimus.

220 1089 343 1172 tractat
356 1097 400 1143 aar
415 1090 688 1160 metropolitanorum,
704 1095 751 1145 aas
761 1086 1021 1162 arenteptrceparattt
1035 1095 1060 1159 Α
1073 1103 1106 1147 ea
1117 1098 1259 1161 peraratas
1271 1091 1378 1149 ratione
1389 1091 1419 1150 s.
1446 1089 1588 1164 supensus
1600 1091 1695 1152 sedent
1735 1098 1875 1159 rimariam

220 1176 323 1216 namtas
345 1161 506 1231 fruerentur.
531 1162 629 1218 Sulrdit
651 1161 753 1220 deinde
771 1160 798 1218 in
815 1162 931 1231 epistola
954 1165 972 1219 5
991 1165 1018 1220 in
1073 1161 1164 1219 Toiesi
1180 1171 1327 1231 statueret,
1344 1173 1480 1234 quatenus
1496 1165 1568 1222 unde
1583 1173 1661 1222 retas
1674 1167 1730 1235 lea,
1745 1168 1810 1226 inde
1826 1172 1875 1230 [tei

220 1231 282 1289 aliis
293 1232 448 1288 civitatibus
463 1235 489 1289 in
501 1232 866 1305 quibuscomitesexsistere
880 1232 1017 1302 solebant,
1072 1234 1190 1290 verbum
1218 1243 1247 1290 et
1275 1234 1418 1306 Evangelii
1470 1236 1538 1291 ratis
1571 1238 1671 1303 exiret,
1697 1238 1777 1308 juxta
1805 1242 1872 1300 illud

220 1301 429 1360 constituendos
440 1304 596 1376 episcopos,
614 1313 643 1361 ct
653 1304 681 1361 in
697 1303 815 1361 modicis
829 1305 952 1372 nrtliltns,
968 1320 1019 1376 np-
1072 1306 1101 1362 S.
1111 1304 1277 1362 Clementis:
1293 1304 1343 1363 att
1356 1307 1435 1378 primi
1461 1307 1515 1378 epis
1530 1305 1656 1363 doctores
1670 1320 1754 1382 aaut,
1769 1314 1873 1380 episco-

220 1372 300 1501 pidis,
317 1384 345 1430 et
369 1373 442 1431 villis
463 1376 651 1448 presbyteros.
676 1375 714 1433 td·
736 1389 796 1432 sum
820 1374 922 1432 lucius
946 1376 1019 1443 apud
1072 1391 1164 1449 porum
1198 1380 1323 1448 prietates
1353 1380 1426 1449 parti,
1453 1378 1493 1433 rel
1525 1380 1693 1449 patrimrttas
1718 1379 1750 1436 lt.
1779 1382 1874 1442 Petrsr

242 1446 385 1515 tepitanunt
400 1444 411 1500 Ι
426 1462 440 1501 ι
461 1447 542 1503 istola
554 1446 583 1513 2,
596 1463 627 1504 ea
650 1444 697 1515 .5‚
723 1445 939 1510 ocultrctcrmr
952 1461 1020 1502 vero
1071 1450 1205 1520 pracepit.

227 1514 290 1572 dist.
303 1517 348 1581 8t),
362 1529 423 1587 cap.
442 1460 534 1585 ister,
549 1518 611 1575 tris:
631 1465 654 1575 ii

221 1597 302 1642 ntatcs
318 1586 457 1659 presidere
474 1588 576 1658 deleat,
597 1607 651 1645 non
673 1608 689 1645 a
713 1589 1022 1651 macetranorum
1075 1602 1123 1644 cus
1150 1589 1288 1658 tttspautae
1312 1592 1407 1657 sit,irr
1424 1591 1582 1661 meditullio,
1603 1596 1641 1648 uti
1663 1592 1765 1651 Dexter
1787 1598 1874 1655 semel

222 1660 309 1713 nraltis
320 1669 379 1713 ante
393 1658 531 1716 aduentam
544 1660 643 1715 Christi
655 1670 715 1716 saut
725 1666 831 1714 statuta
845 1659 1021 1727 temporinam
1074 1660 1154 1726 dixit,
1178 1662 1374 1728 constitutum;
1391 1665 1534 1731 oportebat
1557 1673 1647 1719 autern
1672 1669 1705 1720 ad
1729 1668 1873 1736 primatem

221 1743 332 1801 psoram
343 1731 466 1803 priarster
480 1733 559 1787 etiam
571 1732 679 1803 pactiles
690 1747 738 1803 pro
752 1728 895 1801 nrajoriiur
912 1732 1021 1799 repotiis
1074 1735 1151 1799 attasi
1164 1732 1197 1785 ad
1209 1741 1331 1788 centrum
1344 1747 1440 1788 ornnes
1455 1749 1470 1788 e
1483 1735 1705 1792 circumferentia
1717 1749 1872 1808 respectum

221 1802 400 1875 appellabant,
417 1804 443 1856 in
463 1803 526 1873 ipsis
543 1817 601 1857 uero
614 1800 720 1857 urbibus
739 1814 796 1872 post
812 1799 909 1855 Citritti
923 1804 1018 1855 aaran·
1073 1800 1187 1867 habere,
1206 1812 1234 1855 ut
1250 1803 1312 1858 inde
1326 1804 1388 1859 sine
1403 1820 1501 1874 magno
1523 1803 1670 1875 dispendio
1692 1823 1789 1864 omnes
1802 1810 1877 1881 iudi-

222 1880 278 1926 turn
300 1871 423 1944 apostoli,
447 1881 471 1927 ct
492 1889 652 1930 successores
670 1888 760 1928 eorum
783 1869 960 1945 patriarchas,
980 1869 1020 1926 uel
1072 1872 1144 1925 ciunt
1159 1883 1359 1943 exspectarent.
1379 1871 1415 1930 Ut
1439 1887 1468 1929 ιιι
1491 1878 1527 1931 sit
1546 1874 1582 1931 de
1606 1877 1728 1945 niminis,
1744 1879 1779 1936 de
1803 1885 1875 1938 lacto

220 1945 347 2015 primma
360 1951 511 2012 posuerant.
1072 1940 1192 1997 duttitari
1212 1959 1265 2000 non
1282 1945 1353 2011 licet,
1370 1952 1511 2016 postquam
1528 1946 1660 2004 Toletana
1679 1950 1760 2004 sedes
1775 1953 1875 2023 ampli·

259 2014 329 2069 llinc
343 2016 397 2085 jara
425 2014 535 2070 dubium
556 2012 695 2070 oriebatur
719 2009 753 2066 de
780 2011 848 2067 urlre
872 2011 1018 2084 deligenda
1072 2012 1173 2068 tudinis
1187 2027 1244 2069 stra
1254 2025 1336 2099 atque
1353 2019 1484 2085 primatus
1506 2031 1560 2073 non
1575 2019 1663 2073 solum
1679 2019 1715 2074 ab
1732 2023 1875 2094 scriptori·

221 2086 375 2154 primatis:
402 2102 455 2140 nan
479 2085 550 2141 enim
575 2092 630 2138 tota
658 2082 786 2153 llispania
809 2083 853 2138 uni
877 2084 1019 2153 eidernnue
1072 2081 1136 2148 tus,
1151 2099 1246 2141 nerum
1262 2095 1346 2141 ettatn
1362 2087 1388 2141 in
1406 2088 1649 2144 lorocontcnttnso
1672 2090 1810 2151 multoties
1832 2096 1874 2151 ri-

222 2155 282 2212 urbi
300 2156 431 2211 ltactenns
453 2161 598 2224 paruerat
615 2155 662 2211 sed
686 2168 736 2280 pro
757 2153 917 2211 diuersitate
930 2156 1019 2280 parti·
1072 2154 1187 2210 ctorlam
1202 2156 1237 2212 de
1260 2156 1471 2228 Tarraconensi,
1498 2174 1529 2215 ae
1554 2162 1727 2217 tiracearensl
1742 2161 1874 2223 Eccleslis

221 2229 338 2291 tionum,
353 2237 420 2296 quas
439 2227 555 2283 dirersis
570 2229 685 2297 tempori
707 2240 738 2281 us
754 2239 832 2295 passa
853 2223 914 2292 luit,
949 2227 1020 2281 irer-
1071 2229 1235 2295 reportavit.
1261 2228 1338 2285 lianc
1361 2231 1470 2286 tandem
1501 2232 1611 2286 maritni
1640 2232 1795 2290 ducendum
1818 2248 1871 2307 est,

223 2313 270 2354 sos
289 2299 431 2369 perititiam
446 2298 622 2368 appellabant
644 2297 785 2367 primates.
800 2296 955 2367 aliquanda
969 2312 1019 2369 pc-
1074 2296 1202 2353 [teatrum
1235 2300 1465 2356 Barcinoneasem
1490 2302 1673 2373 scriptorem,
1699 2320 1872 2378 nequaquam

224 2383 275 2425 nes
296 2369 457 2425 divisionem
474 2367 612 2438 utspanta
632 2368 660 2423 in
680 2368 837 2424 citeriorem
860 2377 888 2422 et
905 2370 1020 2423 ultorio·
1072 2365 1286 2425 Tarraconensis
1297 2372 1428 2439 prinratns
1439 2373 1676 2440 meminisse,cum
1690 2384 1779 2433 tamen
1792 2394 1873 2434 nento

224 2454 295 2510 rem,
310 2440 402 2495 habito
416 2442 450 2496 ad
466 2438 573 2497 Iberum
586 2449 725 2509 respectu,
737 2437 791 2492 duo
804 2455 819 2493 a
832 2438 962 2494 ltomunis
973 2439 1021 2495 du·
1074 2438 1199 2495 dnlritare
1222 2452 1323 2510 posset,
1343 2440 1365 2496 si
1381 2442 1462 2498 aliter
1475 2442 1612 2498 decretum
1629 2444 1692 2499 olim
1708 2446 1741 2501 ab
1756 2449 1875 2519 sposto-

226 2512 404 2583 rtpnamntur
418 2511 608 2581 proconsules,
630 2520 823 2583 propraetores,
842 2508 935 2579 legali,
947 2525 1019 2581 quae·
1037 2488 1107 2562 Blis
1119 2510 1162 2564 rel
1178 2527 1273 2565 eorum
1295 2512 1435 2582 discipulis
1457 2513 1490 2567 de
1516 2515 1633 2581 primata
1650 2514 1756 2582 luisset,
1783 2519 1872 2575 nulla·

225 2593 325 2650 stores,
343 2591 390 2638 aut
403 2578 618 2653 pribernatores;
634 2596 684 2653 pro
695 2584 824 2637 citeriore
848 2594 933 2645 unus,
950 2585 1020 2636 alter
1077 2586 1157 2636 tenus
1172 2582 1321 2637 'sarraceni
1334 2600 1392 2639 suae
1405 2585 1607 2655 adempturum,
1620 2600 1702 2656 quom
1716 2586 1813 2644 Toleto
1823 2593 1874 2646 de-

227 2668 294 2711 rero
306 2670 353 2722 pro
365 2656 506 2710 utteriurc.
520 2654 639 2709 Licinius
651 2652 762 2709 Larcius
774 2652 825 2706 sula
838 2650 1019 2721 Vespasiano,
1075 2653 1125 2706 dit.
1143 2654 1255 2709 accedit
1267 2654 1339 2723 quod
1355 2654 1552 2711 (ἰιιιιιιιιιιιι
1566 2656 1691 2726 Hagnas,
1706 2664 1873 2731 metropoles

656 1519 755 1574 risset
775 1519 832 1574 loca
854 1517 947 1589 paidos
963 1518 1020 1589 pri·
1109 1522 1234 1590 iteratque
1249 1518 1277 1576 id
1291 1519 1410 1576 masinae
1423 1520 1510 1576 morit
1525 1520 1599 1592 quod
1621 1521 1748 1579 Toletum
1764 1525 1873 1583 umbili-
1978 1527 1984 1534 '

224 2723 260 2781 L.
276 2726 388 2782 Albinus
398 2726 449 2780 snb
466 2724 630 2791 Domitiano,
642 2724 722 2780 Celer
737 2722 788 2779 suit
801 2722 908 2789 eodem,
921 2723 953 2791 Q.
966 2722 1022 2779 ttu-

226 2797 298 2852 llnus
308 2797 434 2853 Galerius
447 2796 498 2852 snb
507 2796 639 2861 adriana,
653 2798 739 2853 solam
752 2793 908 2850 citeriorem
918 2794 1019 2865 pulter-

229 2880 339 2934 narunt,
359 2869 420 2924 aliis
447 2884 495 2937 pm
518 2867 650 2923 ulteriore
670 2865 837 2922 moderanda
858 2864 1019 2936 designatis.

227 2938 383 2996 &cundum
408 2954 467 2993 eam
491 2953 557 2996 nero
580 2938 743 2994 diuisionem
767 2953 819 3009 qua
839 2935 970 3009 Hispania
991 2936 1019 2992 in

228 3022 287 3066 tres
311 3012 467 3082 prouincias
481 3010 661 3074 dividebatur,
678 3009 922 3075 Tarraconensem,
938 3008 1020 3064 Baeti·

226 3096 288 3138 cam
301 3093 329 3137 et
343 3081 523 3149 Lusitaniam,
540 3080 651 3137 totidem
671 3080 870 3152 gubernatores
893 3081 963 3135 mitti
986 3079 1021 3136 ad

227 3167 278 3209 eos
290 3154 425 3219 solebant,
438 3170 452 3207 a
465 3150 580 3208 Claudio
594 3150 746 3209 Umbonius
760 3151 828 3206 stuc
841 3150 875 3205 ad
891 3148 1019 3205 Belicam

227 3225 331 3281 nrlssus
351 3236 403 3290 est,
418 3224 543 3281 similiter
555 3222 639 3279 Aulus
653 3221 759 3278 Caecina
775 3236 789 3275 a
806 3221 953 3289 decanea
971 3224 1023 3278 tto·

230 3297 344 3353 miliano
354 3296 479 3351 enctttus
490 3292 788 3364 Classicus,aTrajano
802 3292 909 3347 Bauius
920 3292 1021 3358 llassa,

229 3375 260 3423 et
283 3367 442 3439 paulopost
462 3366 597 3423 lierenius
612 3365 739 3431 Settooio,
758 3362 872 3417 italicus
894 3362 952 3434 ipse
976 3379 1023 3419 na·

229 3440 316 3497 tione.
333 3437 500 3495 lusitaniam
515 3436 678 3510 gubernarit
690 3433 821 3501 latitius,
835 3433 1024 3490 Tarraconen·

229 3523 289 3567 sem
306 3509 429 3566 llalcrius
442 3508 575 3576 Julianus,
595 3518 624 3564 ut
642 3518 757 3563 caeteros
774 3510 939 3561 omittamus.
962 3506 1021 3561 Non

229 3595 298 3653 erpo
311 3596 407 3637 omnes
421 3579 549 3650 llispanar
565 3579 714 3650 provinciae
734 3577 780 3634 uni
802 3576 890 3632 eidem
912 3591 945 3631 nc
960 3577 1020 3633 artri

1077 2721 1175 2778 iterum
1190 2725 1315 2781 dividens
1334 2727 1360 2780 in
1385 2726 1523 2797 Hispanis,
1541 2727 1699 2783 Toletanam
1714 2733 1872 2799 primariam

1078 2793 1165 2851 lassus
1176 2805 1229 2864 est,
1244 2798 1307 2850 rium
1322 2812 1382 2852 earn
1399 2802 1486 2867 primo
1498 2801 1558 2854 toco
1574 2799 1646 2855 inter
1658 2810 1773 2857 caeteras
1786 2808 1874 2861 nomi·

1079 2877 1137 2933 nat,
1149 2866 1209 2937 ejus
1225 2868 1322 2923 ditioni
1339 2868 1399 2925 tse
1420 2870 1528 2941 iseopos
1543 2869 1700 2928 immediate
1713 2875 1872 2945 sulpic-iras.

1080 2935 1157 3003 Quod
1181 2940 1251 3020 apud
1277 2937 1378 2995 Lucam
1401 2886 1565 3007 indensem,
1589 2951 1617 2997 et
1639 2942 1873 3017 archiepiscopum

1079 3006 1212 3080 Loaysaur
1227 3010 1320 3066 videre
1332 3011 1423 3079 quitis
1437 3021 1538 3081 potest,
1550 3014 1594 3082 qui
1609 3015 1693 3069 multa
1707 3018 1742 3072 de
1755 3019 1875 3086 primatu

1078 3077 1212 3136 Toletano
1226 3080 1380 3137 luculenter
1394 3081 1522 3140 edisserit
1538 3084 1565 3138 in
1590 3082 1667 3141 Notis
1682 3085 1718 3142 ad
1733 3086 1873 3145 decretum

1079 3150 1255 3206 Gundrmari.
1269 3155 1358 3219 paene
1373 3155 1479 3208 caeteris
1495 3154 1662 3224 respondere
1677 3171 1824 3224 possumus
1841 3160 1874 3214 ll·

1080 3222 1126 3300 lud
1139 3223 1244 3276 Aniceti
1271 3222 1390 3293 papae,in
1413 3223 1526 3292 epistola
1551 3223 1585 3277 sd
1599 3225 1743 3296 episcopos
1762 3228 1873 3284 Galliac:

1081 3290 1158 3345 detti
1168 3291 1357 3363 archiepiscopi
1365 3293 1490 3363 primates
1503 3305 1637 3361 uocrtrtttr,
1654 3296 1706 3349 nisi
1716 3296 1759 3350 illi
1767 3301 1813 3367 qai
1825 3300 1877 3369 prt'·

1080 3378 1136 3416 aras
1146 3371 1232 3417 tenent
1242 3364 1365 3431 ciaimtes,
1374 3379 1484 3435 quartam
1498 3364 1633 3437 episcopos
1646 3364 1765 3435 Apostoli
1776 3380 1800 3424 ct
1812 3388 1871 3426 sac·

1078 3450 1192 3488 remores
1206 3434 1395 3504 Apostolorum
1411 3436 1566 3509 reputaritcr
1577 3437 1702 3508 prietates
1720 3448 1746 3494 ct
1765 3444 1877 3511 patriar·

1078 3503 1138 3559 cias
1154 3522 1208 3561 esse
1222 3506 1418 3561 constituerunt.

1112 3576 1235 3645 Quium
1261 3587 1387 3634 accurate
1411 3579 1445 3634 de
1460 3579 1578 3649 primate
1591 3590 1717 3652 eperunt,
1739 3581 1810 3641 itaud
1824 3584 1876 3641 du·

229 3651 302 3709 intra
316 3652 473 3723 llispaniam
485 3652 658 3717 obediebant,
673 3665 728 3722 quo
739 3648 890 3706 secundnm
927 3648 1022 3703 .l‘ctri
1076 3647 1150 3705 biara
1172 3650 1238 3720 quin
1265 3648 1299 3706 de
1322 3649 1429 3706 ceteris
1454 3651 1653 3721 metropolitas
1678 3656 1875 3713 tractaverint:

229 3723 320 3795 taren
341 3726 473 3795 primatus
498 3722 637 3795 llispaniae
657 3723 849 3778 collocaretur.
866 3720 1022 3775 Praesertim
1076 3735 1161 3790 quare
1175 3736 1237 3774 cum
1253 3720 1358 3789 primas
1372 3721 1493 3777 ontniutn
1514 3723 1541 3778 in
1566 3723 1694 3793 llispsaia
1709 3723 1739 3780 S.
1756 3725 1877 3783 lacobus

230 3798 295 3867 qaia
309 3810 363 3851 non
378 3809 431 3850 nna
450 3794 574 3850 omniurn
591 3792 757 3850 nobilissima
772 3793 870 3847 ciuitas
885 3789 1022 3859 llispaniae
1077 3805 1131 3844 non
1155 3806 1256 3860 paucos
1277 3792 1464 3847 masdtatssct
1477 3794 1663 3862 episcopatus,
1683 3802 1713 3849 et
1736 3797 1808 3851 inter
1828 3812 1878 3853 eos

231 3876 304 3934 erat,
315 3866 364 3923 scd
377 3869 403 3921 in
415 3866 512 3937 quavis
528 3864 663 3936 llispaniae
676 3877 753 3932 parte
767 3861 877 3933 siliquae,
892 3876 951 3931 qua
962 3874 1023 3916 eum
1038 3877 1061 3939 ρ
1077 3857 1216 3923 Toletum,
1231 3859 1394 3916 Braccarurn
1407 3871 1435 3917 et
1447 3862 1643 3928 Tarraconam,
1660 3862 1704 3916 ubi
1726 3862 1874 3934 Elpidinrn,

232 3937 342 3995 caeteris
367 3938 402 3993 de
420 3940 585 4063 praestantia
609 3951 642 3992 ae
665 3934 807 3991 nobilitate
828 3931 1023 3998 decertabant;
1079 3931 1190 3987 Petrum
1204 3941 1231 3986 et
1246 3931 1450 4002 agathodormn
1465 3931 1609 4003 episcopas
1622 3932 1779 4001 coustituit;
1794 3938 1878 3993 rebus

236 4015 362 4081 namque,
377 4016 406 4063 ut
445 4009 590 4077 amponius
603 4006 671 4064 tiela
693 4004 775 4076 trojus
790 4003 924 4074 temporis
940 4011 967 4057 et
980 4018 1027 4071 pa·

233 4080 294 4136 triae
307 4081 418 4151 scripsit
436 4079 484 4135 nu.
497 4094 538 4145 m,
552 4096 615 4150 cap.
625 4081 642 4136 ll
654 4096 661 4135 ε
675 4075 786 4133 Urbium
798 4075 1027 4130 intaediterraneis

232 4152 385 4207 clarissima
400 4152 427 4205 irt
449 4147 640 4206 Tarraconensi
656 4154 761 4221 prterunt
776 4144 911 4213 Palantia2
925 4153 949 4199 et
964 4143 1027 4199 Na·

232 4223 346 4288 mantia,
360 4238 428 4277 nanc
444 4222 483 4293 (id
496 4231 539 4278 est
551 4237 611 4278 reno
624 4221 686 4293 sno)
696 4220 820 4275 Cauaras
839 4228 898 4272 asta
906 4233 917 4284 ;
932 4217 958 4271 in
974 4215 1028 4271 dtr-

233 4294 333 4349 sitaaia
353 4292 485 4360 Etnerita,·
499 4294 526 4348 in
548 4290 648 4348 Baetica
671 4290 783 4365 Accipis,
806 4235 938 4361 liispalis,
962 4287 1028 4342 Cor·

234 4362 320 4419 deis.
333 4361 385 4419 dut
398 4366 479 4438 igitur
491 4363 584 4435 plures
597 4373 728 4435 primates
743 4360 925 4418 constituendi
938 4368 1027 4425 crant,

232 4448 288 4562 K?
297 4435 472 4493 multitudiue
481 4438 692 4507 provinciarum,
705 4444 751 4490 tut
761 4436 783 4490 si
796 4446 877 4496 unus,
888 4444 942 4487 non
954 4430 1030 4487 ride-

272 4514 317 4562 tur
330 4508 467 4579 generalis
481 4510 511 4566 S.
527 4507 603 4564 Petri
615 4508 708 4578 reputa
719 4504 823 4562 serrari
838 4516 930 4575 posse.

1079 4000 1143 4058 ildei
1159 4001 1244 4056 multo
1264 4002 1375 4057 ulterius
1396 4003 1564 4073 propagatis,
1579 4001 1717 4075 Eugenius
1735 4014 1764 4061 ιι
1787 4007 1881 4067 utito-

1079 4074 1160 4129 tlreus
1174 4071 1202 4128 in
1216 4071 1431 4130 commodiorem
1443 4075 1566 4130 ordinem
1579 4074 1714 4131 Ecclesiae
1730 4076 1877 4149 disposue-

1079 4144 1253 4272 gtirnpg'tppod
1266 4145 1301 4200 de
1320 4145 1442 4217 Ειιιιιο
1455 4146 1547 4202 docuit
1564 4145 1667 4203 [tester
1684 4163 1751 4206 ana.
1767 4149 1875 4210 Dourini

1117 4289 1150 4342 d.
1167 4286 1197 4343 C.
1211 4288 1352 4346 ltu-t.
1366 4287 1450 4344 Haud
1463 4290 1546 4344 matta
1558 4298 1638 4361 post,
1653 4299 1707 4345 etc.
1729 4290 1758 4347 ln
1774 4308 1879 4351 excuso

1080 4358 1174 4415 codiee
1188 4374 1237 4428 prn
1254 4358 1333 4415 llattd
1343 4370 1403 4415 erat
1414 4363 1463 4424 At,
1478 4364 1526 4415 sed
1541 4360 1759 4430 corruptissime.
1773 4363 1878 4421 Norunt

1080 4428 1174 4486 lorsan
1192 4430 1273 4485 alieni
1295 4431 1429 4486 ridelritnr
1453 4430 1613 4504 Dionysium
1634 4447 1650 4486 a
1668 4433 1768 4488 liestro
1790 4432 1818 4490 in
1833 4437 1880 4492 tu-

1082 4502 1191 4571 spanias
1212 4501 1331 4557 adduci:
1357 4502 1476 4571 deponet
1499 4512 1589 4557 tamen
1614 4502 1840 4572 admirationem,
1854 4508 1878 4561 si
1975 4511 1979 4522 ’

271 4578 423 4649 Ceteroqui
448 4580 530 4635 aliam
556 4575 766 4651 philosophandi
796 4575 867 4629 niatu
889 4572 1030 4643 suscipere
1082 4572 1629 4644 nrcrnincritnonsoliusGalliaeltamessi
1643 4572 1879 4643 ineaptuslalto·

233 4658 385 4719 potuerunt
398 4652 494 4718 l‘atres
508 4650 583 4706 illius
596 4649 716 4714 conscilii,
730 4654 778 4704 aut
790 4646 888 4718 synodi
900 4660 948 4715 pro
960 4644 1029 4701 deli·
1082 4644 1196 4707 raseris,
1205 4654 1235 4697 et
1246 4655 1370 4699 mortuus
1379 4644 1486 4714 luerit),
1497 4646 1635 4701 sedtotius
1646 4642 1878 4701 Occidentiscon·

232 4719 324 4792 penda
341 4721 458 4791 primate
473 4720 610 4793 llispaaiac
626 4718 749 4775 Ecclesia
764 4717 933 4788 cortgrepctl,
950 4731 1030 4787 quam
1082 4714 1209 4771 stitutum
1232 4714 1314 4769 luisse
1336 4713 1453 4785 legatum
1472 4729 1488 4767 a
1509 4714 1540 4769 S.
1557 4714 1717 4770 Clemente:
1732 4730 1818 4785 quare
1828 4717 1879 4788 ipsi

232 4792 265 4847 S.
279 4790 408 4848 Clemens
419 4793 451 4849 ad
465 4793 597 4850 lacolturn
612 4790 766 4860 apostolum
776 4789 804 4844 iu
820 4790 904 4859 prima
917 4787 1031 4859 epistola
1084 4784 1260 4840 incurnltelrat
1282 4786 1446 4864 precipuum
1461 4797 1572 4867 quoque
1591 4783 1665 4839 iuter
1685 4799 1781 4842 onmes
1801 4787 1881 4844 licei-

232 4863 421 4934 scripsttnn
446 4865 500 4920 iltis
527 4864 672 4919 ciuitatibus
698 4862 725 4916 itt
754 4858 847 4930 pallus
872 4858 934 4913 olim
961 4853 1032 4931 apua
1084 4857 1176 4912 dentis
1196 4854 1713 4926 prouinciasattauaudornrircre,so
1729 4860 1880 4926 pracerum

237 4932 365 4990 lirltaicos
379 4934 440 5007 (ait)
454 4936 532 5009 prinu
547 4934 682 4990 Flamiaes
696 4948 796 4999 rorata,
811 4941 887 5001 atque
901 4932 979 5003 prinu
997 4930 1033 4984 lc·
1085 4936 1221 4997 tempore,
1236 4942 1290 4997 arro
1301 4926 1330 4983 S.
1343 4925 1746 4998 Tagetriuacltarissimssep'us
1760 4928 1831 4986 lilius
1847 4948 1880 4989 ac

233 5004 276 5075 pis
300 5004 425 5062 doctores
443 5014 530 5075 erant,
552 5007 734 5079 episcoporum
755 5005 880 5073 primates
901 5004 975 5072 pani,
995 5002 1036 5055 aet
1084 4998 1459 5072 quodammododiseiputas,
1474 4999 1656 5054 ucacsiarna
1667 5002 1835 5071 metropoles
1848 5018 1881 5061 sc

235 5078 405 5145 patriarchas
421 5074 454 5134 B.
467 5078 560 5133 Petras
572 5079 706 5150 pracepit.
723 5073 758 5130 ln
771 5072 824 5129 illis
837 5082 924 5126 autent
940 5073 1033 5127 ciuita-
1087 5072 1231 5144 primatem
1246 5069 1444 5139 constituebat,
1466 5081 1494 5126 et
1509 5084 1554 5126 res
1564 5070 1673 5126 illarrma
1688 5073 1761 5127 serio
1775 5082 1882 5143 pertra-

235 5148 308 5204 ruas
322 5149 454 5221 inquitas
469 5149 569 5205 dudam
592 5148 664 5219 apud
684 5146 823 5219 praedictos
845 5152 920 5198 erarrt
940 5143 1035 5197 elrclri·
1086 5144 1188 5199 etaoas.
1210 5142 1348 5197 liabemus
1369 5143 1452 5198 etiam
1470 5155 1520 5212 pro
1545 5143 1596 5195 trac
1617 5142 1732 5198 veritate
1754 5143 1883 5215 pravissi-

235 5220 369 5292 llasrrt‘aer,
387 5237 452 5290 auos
467 5230 552 5276 tantun
570 5222 682 5274 minoret
701 5216 922 5286 terricrepum
942 5229 1035 5269 memo
1088 5229 1163 5269 mum
1173 5213 1203 5269 S.
1217 5212 1345 5270 lletlrodii
1358 5214 1556 5280 testimonium,
1568 5213 1613 5283 aui
1627 5210 1655 5268 in
1669 5212 1729 5269 Vita
1745 5216 1830 5286 ipsius
1842 5216 1883 5272 sic

237 5301 310 5347 ratos
328 5294 463 5362 primates,
484 5290 692 5362 archiepiscopos
713 5289 814 5344 institui
830 5284 961 5360 pracepit.
978 5285 1032 5341 lte·
1047 5266 1147 5343 Dattz
1173 5285 1287 5340 sanctus
1301 5300 1361 5339 tero
1379 5283 1536 5356 dlioapst'as,
1552 5284 1668 5355 Spiritus
1689 5288 1777 5341 sancti
1795 5289 1883 5343 calore

237 5361 300 5419 ituit
319 5377 386 5435 ergo
406 5363 509 5420 attendi
529 5363 670 5435 religionis
685 5358 858 5417 destruendae
873 5361 986 5430 primas,
1005 5364 1033 5413 et
1086 5371 1210 5411 scaram
1231 5365 1307 5424 amsa
1321 5355 1465 5428 apostoliea
1484 5358 1638 5412 asctort'tatr
1657 5358 1790 5428 repletas,
1809 5373 1882 5428 psa-

237 5433 308 5491 tratti
324 5435 464 5491 catholioae
473 5433 604 5492 Ecclesiae
621 5429 757 5504 llispattia·
770 5432 871 5501 primas
884 5428 1031 5493 cottstitui3
1085 5441 1193 5496 ιιιιιιιι
1207 5443 1224 5480 ιι
1239 5426 1270 5482 S.
1281 5427 1386 5493 Spiritu
1399 5443 1452 5481 arta
1462 5443 1524 5482 csttt
1536 5427 1567 5483 S.
1579 5425 1708 5483 (inmense
1722 5429 1811 5483 dicitas
1823 5443 1883 5482 ors·

240 5519 303 5562 cam
321 5522 387 5563 nero
401 5509 428 5563 in
443 5504 604 5578 gentilitatis
615 5504 689 5561 cultu
704 5519 758 5559 nou
773 5511 847 5559 esset
865 5502 899 5558 alt
914 5516 966 5557 una
982 5500 1032 5556 ali·
1083 5503 1146 5557 csta
1157 5498 1275 5571 pratitas
1287 5496 1487 5553 denominanda
1501 5509 1653 5569 mcepcrat,
1675 5497 1788 5567 fideliter
1800 5498 1884 5551 omra-

238 5591 294 5648 qus
305 5578 372 5635 urite
383 5590 547 5635 ceterarum
559 5574 753 5649 depetutensia,
769 5572 842 5629 inter
852 5573 976 5628 virentes
987 5585 1036 5628 au·
1088 5571 1135 5626 iss
1159 5570 1296 5640 Hesperiis
1320 5570 1405 5643 pispir
1418 5570 1559 5624 nataturi.
1583 5569 1649 5638 Quis
1668 5577 1760 5625 sutem
1779 5568 1884 5624 nesciat

241 5656 297 5705 tem
312 5649 347 5705 ad
368 5651 557 5722 perscriptum
580 5648 650 5721 lepis
670 5645 758 5718 lloysi
779 5653 885 5702 caterae
904 5657 920 5698 a
939 5642 1036 5700 Toleto
1089 5641 1246 5714 llispsniam
1263 5657 1279 5699 a
1294 5640 1398 5699 Graccis
1412 5641 1571 5709 llesperiam
1585 5643 1696 5705 dicum,
1710 5649 1764 5693 eta
1779 5637 1883 5695 Latinis

237 5720 275 5778 de
312 5719 685 5791 aderent,nuodillicesset
699 5716 877 5774 celeberrima
894 5714 1037 5772 totius0c·
1089 5728 1144 5769 stou
1163 5715 1317 5781 semel,ut
1335 5714 1405 5785 apud
1425 5713 1576 5769 llartialem
1598 5706 1884 5778 rtdenesrtutstirs

243 5793 269 5847 ci
289 5796 361 5852 entis
385 5810 452 5867 syna
472 5808 523 5863 apa
544 5792 590 5867 (de
613 5807 664 5863 qua
690 5789 776 5845 multa
797 5790 824 5843 in
852 5787 1037 5869 superioribus
1089 5788 1224 5858 omitum)
1239 5786 1287 5857 nui
1305 5785 1340 5843 ds
1355 5784 1481 5841 cordata
1502 5781 1731 5866 loramentum,
1750 5780 1884 5854 epigram,

244 5865 363 5928 diximus
379 5809 565 5926 annitimini
579 5862 614 5925 il
627 5873 655 5924 ct
668 5861 730 5941 atta
745 5858 810 5921 ltitte
825 5857 882 5918 liert
896 5856 991 5938 quirit,
1007 5867 1038 5921 ut
1089 5858 1136 5928 ot.
1149 5858 1228 5938 eujus
1238 5858 1357 5936 ιιιίιίιιι,
1371 5854 1406 5918 la
1415 5854 1596 5923 Tartesiaca,
1611 5857 1718 5928 tracuus
