4192 6434
445 321 559 385 sss
592 292 598 297 ’

1844 315 2052 379 muti
2084 290 2315 382 ono'sn

3641 311 3754 376 8ss

444 441 750 506 sumentes,
778 434 885 495 boe
909 439 1019 507 est,
1056 431 1428 505 deargentatis
1469 430 1634 491 armis
1678 446 1747 490 ae
1786 433 2052 506 vestibus,
2075 435 2136 499 Δ
2157 434 2270 493 filio
2293 435 2498 492 iturum
2518 431 2668 492 ultro
2700 430 2920 504 obtulit,
2947 432 2996 493 si
3027 427 3108 491 illi
3137 427 3481 504 depellendae
3504 432 3753 506 ignomi-

444 537 753 603 paratoque
792 527 999 595 animo,
1044 525 1105 583 ni
1143 525 1382 591 vincant,
1414 521 1578 595 mori,
1606 521 1628 556 ⁸
1653 523 1799 582 bello
1828 539 1890 581 se
1916 523 2055 583 offe-

445 629 599 680 runt.
627 619 935 679 Adversum
967 633 1104 692 quos
1130 617 1154 651 ⁸
1179 617 1430 689 Papirius
1450 616 1642 675 consul
1666 631 1789 674 cum
1811 617 2055 676 exercitu

441 715 671 785 missus,
702 729 828 771 cum
858 728 891 771 a
922 710 1171 786 pullariis
1194 710 1495 783 auguribus
1517 724 1660 768 vana
1693 710 2057 782 conjectanti-

451 806 559 864 bus
589 804 846 878 congredi
875 803 1278 876 prohiberetur,
1301 800 1535 859 irridens
1554 815 1671 867 eos,
1697 809 1805 858 tarr.
1828 801 2059 860 feliciter

446 899 682 959 confecit
720 900 945 969 bellum,
992 912 1154 970 quam
1192 902 1510 954 constanter
1550 895 1806 967 arripuit.
1836 894 1969 952 Nam
2001 896 2057 954 in

445 997 555 1052 boc
572 993 758 1066 praelio
778 992 802 1024 ⁸
818 989 1107 1050 duodecim
1124 987 1294 1046 millia
1310 986 1549 1044 hostium
1574 1002 1737 1055 caesa,
1763 987 1868 1045 tria
1888 987 2058 1045 millia

437 1094 599 1160 capta
619 1086 952 1144 referuntur.
969 1083 1077 1141 Sed
1099 1082 1241 1140 hane
1261 1095 1479 1154 quoque
1497 1082 1658 1139 istius
1677 1095 1809 1139 vere
1829 1079 2058 1137 laudan-

446 1180 575 1238 dam
614 1177 927 1244 victoriam,
970 1190 1133 1247 quam
1170 1173 1300 1232 vani
1323 1173 1619 1246 ‘auspices
1649 1173 1914 1246 impedire
1942 1187 2052 1229 non

441 1277 763 1346 potuerunt,
786 1267 966 1326 oborti
990 1267 1176 1325 subito
1202 1281 1501 1339 corrupere
1521 1266 1721 1327 morbi.
1746 1264 1882 1322 Nam
1907 1273 2056 1322 tanta

444 1379 512 1424 ac
523 1373 633 1421 tam
649 1362 1007 1421 intolerabilis
1019 1361 1327 1433 pestilentia
1344 1369 1471 1418 tunc
1481 1359 2054 1431 corripuitcivitatem,

445 1468 509 1516 ut
538 1464 760 1530 propter
778 1470 899 1514 eam
923 1468 1266 1528 quacumque
1294 1454 1508 1510 ratione
1530 1450 1829 1510 sedandam
1845 1495 1861 1519 ,
1888 1451 2059 1509 libros

444 1548 747 1621 Sibyllinos
767 1545 1133 1604 consulendos
1153 1546 1419 1620 putarint,
1437 1541 1880 1616 horrendumque
1902 1542 2058 1600 illum

450 1641 475 1673 '¹
496 1639 846 1711 Epidaurium
870 1639 1179 1706 colubrum,
1208 1639 1232 1673 ⁸
1251 1652 1375 1695 oum
1410 1637 1530 1709 ipso
1548 1635 1845 1708 AEsculapii
1877 1633 2060 1708 lapide

490 1733 654 1806 1oe
676 1732 1021 1791 advexerint:
1037 1732 1191 1804 quasi
1222 1746 1354 1790 vero
1374 1730 1677 1804 pestilentia
1699 1739 1797 1789 aut
1816 1739 1947 1787 ante
1970 1743 2059 1787 se·

2163 526 2291 598 niae,
2339 535 2397 584 et
2423 525 2648 600 gerendi
2677 523 2876 583 iterum
2915 524 3046 584 belli
3074 525 3307 582 facultas
3340 522 3595 583 daretur.
3635 524 3755 593 Qua

2157 617 2474 690 impetrata,
2504 617 2804 691 praelioque
2829 625 3110 685 conserto,
3140 631 3267 675 cum
3289 615 3473 673 subito
3497 631 3756 688 pugnan-

2155 719 2268 768 tcm
2312 710 2487 768 filium
2527 711 2834 775 consulem.
2883 710 3171 768 insistente
3195 708 3394 767 Pontio
3422 707 3755 766 Samnitium

2155 803 2318 872 duce,
2349 813 2407 860 et
2437 802 2652 861 infestis
2696 803 2937 860 bostium
2975 802 3100 860 telis
3144 802 3473 859 conclusum
3514 801 3756 871 videret,

2161 895 2206 928 ¹²
2231 894 2287 952 in
2319 895 2564 953 medium
2607 909 2670 953 se
2695 909 2893 968 agmen
2913 894 3037 967 pius
3076 907 3247 952 senex
3273 908 3418 966 equo
3448 899 3643 951 vectus
3672 893 3758 951 in·

2157 987 2349 1059 gessit.
2371 986 2491 1056 Quo
2518 987 2661 1044 iacto
2681 987 2916 1058 permoti
2943 986 3182 1044 Romani
3203 995 3315 1043 tota
3345 986 3421 1044 ibi
3445 986 3754 1044 incubuere

2156 1077 2296 1148 acie,
2329 1080 2506 1136 donec
2546 1077 2729 1150 ipsum
2771 1078 2965 1136 ducem
2998 1079 3273 1145 Pontium,
3323 1077 3512 1135 deleto
3566 1077 3760 1136 hostili

2158 1173 2431 1244 exercitu,
2454 1173 2659 1230 victum
2682 1187 3120 1246 oppressumque
3149 1173 3605 1245 ceperunt.Caesa
3629 1183 3762 1231 sunt

2157 1266 2216 1323 in
2237 1280 2305 1323 eo
2333 1265 2524 1338 praelio
2553 1264 2877 1323 Samnitium
2911 1265 3104 1338 viginti
3145 1266 3339 1336 millia,
3375 1276 3542 1339 capta
3567 1276 3757 1326 autem

2158 1369 2398 1431 quatuor
2420 1359 2585 1417 millia
2611 1376 2735 1418 cum
2766 1375 2897 1433 rege
2935 1375 3038 1418 suo
3071 1379 3085 1416 ε
3111 1359 3448 1435 tandemque
3489 1361 3758 1419 Samniti-

2162 1467 2294 1510 cum
2324 1452 2552 1521 bellum,
2583 1453 2630 1487 ¹⁸
2655 1453 2804 1525 quod
2835 1467 2935 1525 per
2962 1453 3323 1526 quadraginta
3347 1463 3406 1511 et
3432 1470 3636 1512 novem
3666 1471 3764 1513 an·

2158 1559 2262 1602 nos
2290 1545 2457 1602 multa
2495 1545 2868 1603 Romanorum
2901 1545 3057 1604 clade
3085 1546 3432 1614 trahebatur,
3481 1549 3634 1620 capti
3662 1549 3760 1606 du·

2158 1637 2238 1694 eis
2278 1637 2634 1696 destitutione
2681 1638 2894 1694 linitum
2937 1647 3046 1696 est.
3081 1639 3128 1675 ¹⁸
3179 1642 3338 1697 Anno
3380 1641 3754 1713 subsequente

2161 1745 2287 1787 cum
2316 1729 2558 1795 Sabinis.
2588 1731 2756 1787 Curio
2783 1731 3030 1799 consule,
3063 1730 3269 1789 bellum
3291 1743 3511 1804 gestum
3541 1734 3752 1802 est,ubi

459 1824 590 1882 data
620 1839 731 1881 non
770 1825 863 1893 sit,
900 1833 997 1881 aut
1022 1832 1151 1897 post
1183 1832 1305 1880 orta
1346 1838 1456 1880 non
1485 1823 1672 1880 luerit.
1704 1822 1748 1854 ¹⁰
1778 1822 2051 1879 Proeterea
2080 1823 2131 1887 Β
2154 1831 2291 1892 quot
2328 1820 2502 1878 millia
2548 1820 2830 1878 hominum
2877 1823 3187 1890 interiecta,
3225 1832 3363 1895 quot
3404 1836 3575 1895 capta
3629 1826 3750 1894 sint,

448 1917 625 1974 altero
652 1914 853 1973 abhinc
882 1930 1026 1972 anno
1055 1914 1260 1973 Fabius
1284 1913 1499 1987 Gurges
1541 1914 1738 1971 consul
1770 1913 1914 1970 male
1955 1910 2055 1969 ad·

456 2023 652 2065 versus
670 2005 944 2066 Samnitas
970 2005 1252 2079 pugnavit.
1285 2003 1328 2039 ¹¹
1360 2005 1627 2077 Namque,
1660 2004 1867 2062 amisso
1894 2019 2056 2062 exer·

443 2099 584 2166 citu,
614 2098 795 2156 victus
838 2098 895 2155 in
944 2097 1142 2156 Urbem
1172 2095 1395 2169 refugit.
1438 2097 1630 2168 ltaque
1666 2112 1791 2155 cum
1820 2105 2051 2154 senatus

445 2191 517 2249 de
560 2190 936 2250 submovendo
980 2205 1049 2249 eo
1077 2191 1429 2259 deliberaret,
1461 2200 1622 2263 pater
1654 2190 1798 2263 ejus,
1840 2188 2048 2248 Fabius

443 2283 741 2356 Maximus,
773 2285 1131 2358 ignominiam
1174 2283 1271 2342 lilii
1313 2284 1664 2360 deprecatus,
1715 2283 1955 2356 legatum
1988 2299 2049 2341 se

2157 1914 2276 1984 ipse
2305 1913 2499 1971 consul
2530 1915 2773 1972 ostendit
2802 1933 2816 1970 :
2852 1916 2944 1986 qui
2971 1930 3094 1972 euni
3126 1917 3180 1974 in
3209 1926 3410 1974 senatu
3431 1918 3754 1992 magnitudi-

2157 2018 2281 2060 nem
2304 2005 2557 2076 acquisiti
2589 2005 2704 2077 agri
2732 2003 2946 2075 Sabini,
2969 2015 3027 2063 et
3054 2006 3464 2067 multitudinem
3498 2010 3649 2082 capti
3666 2025 3749 2083 po-

2155 2096 2492 2168 pulirel'erre
2537 2097 2733 2164 vellet,
2779 2098 2824 2140 ¹⁸
2851 2112 3138 2155 numerum
3183 2099 3473 2172 explicare
3520 2117 3635 2189 noq
3668 2116 3754 2174 po-

2157 2192 2284 2248 tuit.
2313 2191 2364 2224 ¹⁸
2393 2191 2556 2249 Anno
2586 2191 2657 2248 ab
2700 2191 2847 2250 Urbe
2889 2193 3111 2250 condita
3148 2209 3444 2262 ccccnxtu,
3480 2195 3750 2254 Dolabella

2153 2294 2206 2342 et
2254 2285 2495 2344 Domitio
2541 2284 2880 2355 consulibus,
2919 2285 3150 2357 Lucani,
3200 2288 3429 2360 Bruttii,
3475 2289 3746 2349 Samnites

1733 2397 2196 2457 nummum
2236 2397 2469 2456 NOTAE.

512 2495 571 2553 3.
601 2493 752 2551 Bello
776 2508 886 2550 sese
914 2491 1161 2563 offerunt.
1190 2491 1426 2550 Additur
1452 2500 1575 2560 post
1603 2490 1722 2548 baec
1770 2491 1823 2546 in
1868 2490 2045 2563 Lugd.

437 2565 581 2622 Batt.
614 2574 770 2633 tert..
802 2575 997 2636 quarto
1026 2574 1082 2621 et
1106 2563 1247 2621 Coll.
1279 2562 1547 2632 Gronov„
1578 2577 1704 2618 xxtv
1733 2561 1924 2620 millia.

514 2637 573 2691 4.
603 2634 855 2708 Papirius
894 2650 1039 2690 cons.
1073 2634 1173 2691 llic
1201 2645 1285 2689 est
1324 2633 1387 2689 L.
1420 2632 1671 2699 Papirius
1692 2633 1915 2696 Cursor.
1947 2631 2043 2704 Sp.

437 2706 664 2762 Carvilii
704 2704 913 2776 collega
962 2705 1019 2760 in
1068 2704 1374 2770 consulatu,
1404 2717 1549 2759 anno
1594 2711 1717 2773 post
1760 2701 1829 2758 R.
1878 2703 2044 2760 cond.

435 2790 601 2843 cnnx,
624 2775 693 2832 tle
713 2789 819 2846 quo
847 2781 903 2830 ει
921 2775 1155 2847 pullario
1178 2784 1375 2846 pra-ter
1397 2771 1605 2829 Livium
1632 2773 1879 2830 Valerius
1900 2774 2043 2830 Max.

435 2846 565 2903 libr.
590 2861 689 2912 vn,
721 2859 844 2915 cap.
876 2846 933 2899 Ξ.
964 2844 1132 2900 Fasti.

506 2917 563 2975 5.
592 2915 878 2971 Duodecim
897 2915 1063 2970 millia
1085 2915 1333 2974 hostium.
1350 2912 1520 2979 Lugd.
1547 2914 1665 2970 Bat.
1689 2923 1842 2981 tert.,
1860 2914 2045 2985 viqinti

432 2987 604 3043 millia
632 2987 860 3042 hostium
889 2999 1045 3053 αισα,
1073 2995 1300 3058 quatuor
1344 2983 1511 3040 millia
1542 3003 1603 3039 co
1644 2996 1695 3040 to
1722 2991 2043 3056 reseruntur.

432 3058 497 3116 ln
537 3057 875 3131 captivorum
922 3071 1151 3116 numero
1194 3056 1470 3113 consentit
1512 3055 1654 3116 Col.
1701 3054 1948 3115 Gronov.
1990 3063 2047 3113 et

431 3127 691 3186 vincent.
720 3126 929 3189 Bellov.
957 3128 1051 3187 lib.
1083 3143 1164 3196 vt,
1193 3141 1316 3197 cap.
1341 3128 1397 3184 6.

506 3198 564 3256 6.
592 3198 864 3270 Auspices.
881 3198 1133 3267 Perizon,
1162 3197 1337 3270 Lugd.
1359 3196 1499 3254 Batt.
1530 3203 1683 3267 tert„
1705 3195 1847 3260 Coll.
1869 3196 2041 3255 Gron.

432 3277 492 3328 et
516 3269 605 3327 ed.
638 3271 801 3342 Aug„
830 3270 1120 3342 aruspices.
1153 3268 1256 3327 Pro
1282 3267 1536 3341 corripuit
1560 3283 1689 3326 mox
1708 3269 1932 3344 arripuit
1951 3268 2041 3327 ed.
2067 3242 2118 3308 C

435 3341 943 3481 ιῃ.ι’·ΙιῖηιῖῘρὶάιιιιιϊιιηι
981 3411 1272 3468 colubrum.
1308 3410 1459 3468 lianc
1489 3425 1607 3468 rern
1651 3410 1793 3468 libro
1831 3410 2047 3470 decimo

435 3488 683 3539 extremo
702 3482 925 3552 scripsit
946 3481 1156 3548 Livius.
1184 3482 1439 3553 libroque
1467 3481 1758 3540 undecimo
1780 3495 2045 3552 persecu-

434 3559 525 3609 tus
570 3550 695 3625 ruit,
729 3560 793 3610 ut
828 3567 898 3612 ex
934 3554 1175 3626 epitoma
1216 3552 1593 3627 cognoscitur,
1624 3553 1681 3611 in
1708 3567 1815 3624 qua
1839 3554 2049 3614 mentio

525 4667 585 4724 9.
624 4664 961 4722 Advexerint.
992 4665 1095 4724 Ed.
1128 4667 1385 4742 August..
1408 4673 1755 4732 adduxerint.

518 4739 611 4795 ¹10.
653 4735 921 4793 Proetereo
947 4739 1114 4794 attero
1137 4742 1327 4799 abhinc
1351 4760 1515 4802 anno.
1548 4747 1739 4803 Altero
1789 4761 1959 4816 anno,
1994 4746 2048 4806 id

449 4816 556 4878 est,
585 4809 834 4880 proximo
850 4819 973 4878 post
993 4809 1055 4866 t..
1086 4811 1388 4883 Papirium,
1417 4831 1525 4888 quo
1550 4817 1617 4886 Q.
1646 4817 1852 4875 Fabius
1873 4819 2049 4875 Maxi-

454 4894 576 4935 mus
605 4880 846 4950 Gurges,
876 4889 933 4934 et
968 4879 1034 4936 1).
1067 4880 1263 4939 lunius
1290 4885 1490 4942 Brutus
1533 4887 1722 4944 Scaeva
1750 4903 1897 4946 coss.
1927 4888 2048 4946 fue·

453 4958 603 5005 runt.
636 4948 867 5004 Fallitur
892 4959 1043 5007 certe
1069 4949 1443 5027 Robortellus,
1475 4957 1569 5030 qui
1590 4958 1817 5015 onerum
1843 4961 2047 5033 ubique

458 5034 563 5091 pro
587 5020 815 5075 secundo
835 5020 1052 5093 accipit.
1082 5021 1249 5079 Fun.

529 5089 620 5144 Η.
661 5087 923 5160 Namque.
967 5093 1156 5149 anasse
1200 5097 1450 5154 exercitu.
1480 5097 1611 5155 Tria
1651 5100 1825 5158 millia
1871 5101 2048 5160 bomi-

458 5172 590 5214 num
618 5160 800 5214 occisa
829 5159 1000 5218 rel'ert
1038 5161 1336 5235 Eutropius
1367 5168 1463 5225 lib.
1493 5183 1551 5225 ιι.
1578 5169 1746 5228 Fasti.

531 5227 625 5284 ¹2.
665 5227 734 5284 In
775 5231 1007 5288 medium
1043 5248 1099 5288 se
1134 5250 1344 5309 agmen.
1375 5238 1551 5305 Meus.
1599 5242 1659 5297 in
1689 5242 1918 5299 medium
1948 5243 2047 5300 lto-

459 5299 625 5427 ῗιιὶίιιθιὸι
658 5305 1056 5440 Ήειιιιῆιῐηωε.
1109 5304 1273 5378 Pejus
1319 5321 1503 5368 autem
1530 5312 1704 5386 ignem
1733 5330 1832 5387 pro
1861 5331 2047 5388 agmen

530 5443 625 5499 15.
665 5438 819 5508 Quod
846 5457 938 5514 per
962 5442 1055 5500 49.
1086 5444 1143 5505 ln
1167 5449 1292 5507 aliis
1321 5453 1463 5509 male
1487 5454 1557 5512 59
1584 5455 1804 5527 legitur.
1833 5455 1968 5513 Nam
1998 5456 2049 5515 si

459 5526 659 5582 annus,
705 5527 813 5581 quo
840 5513 907 5581 Q.
938 5512 1139 5574 Fabius
1166 5522 1416 5592 quintum
1453 5524 1515 5580 P.
1550 5525 1751 5609 Decius
1775 5536 2047 5611 ‘quartum

458 5583 719 5640 consules
744 5585 982 5650 suerunt,
1033 5599 1183 5648 recte
1220 5592 1292 5648 46
1337 5593 1467 5650 belli
1507 5595 1791 5653 Samnitici
1826 5611 1857 5653 a
1891 5597 2048 5654 Ltvlo

454 5654 790 5722 nominatur,
823 5654 914 5712 bic
939 5655 1013 5714 49
1042 5659 1114 5716 sit
1155 5677 1385 5720 necesse
1415 5674 1523 5720 est.
1555 5664 1725 5723 Fantt.
1748 5695 1820 5707 -
1848 5666 2050 5725 Nume-

450 5739 577 5780 rum
608 5741 875 5784 nnnorum
917 5728 988 5786 59
1016 5745 1139 5787 cuin
1185 5747 1320 5789 mss.
1368 5734 1694 5804 quibusdam
1724 5737 1888 5794 babet
1918 5737 2050 5795 Vin-

453 5807 598 5856 cent.
631 5795 835 5861 Bellov.
868 5799 966 5857 lib.
987 5817 1062 5874 vt,
1082 5817 1204 5877 cap.
1236 5805 1292 5874 8,
1326 5805 1442 5878 ubi,
1474 5808 1760 5879 aliquanto
1788 5819 1939 5880 ante,
1967 5809 2048 5870 le-

2151 2499 2237 2546 εει
2260 2491 2461 2546 colubri
2486 2493 2590 2547 sive
2618 2493 2825 2565 «iniquis.
2854 2492 2934 2549 ‘l'u
2965 2493 3090 2566 lege
3115 2494 3443 2555 Pausaniam
3474 2499 3599 2558 libr.
3625 2516 3665 2558 n
3700 2511 3756 2560 et

2150 2561 2314 2620 ovid.
2337 2562 2466 2618 libr.
2498 2578 2570 2619 xv
2595 2562 2876 2621 Metamor.
2907 2563 3078 2622 Fastt.

2224 2634 2288 2715 ⁸.
2309 2631 2438 2688 Cum
2479 2635 2592 2705 ipso
2622 2633 2922 2708 AEscutapii
2951 2636 3146 2708 lapide.
3171 2637 3339 2707 Cujus
3367 2639 3618 2699 historiae
3645 2659 3754 2702 tue·

2151 2717 2381 2760 moriam
2410 2704 2719 2762 invenimus
2749 2706 2804 2761 in
2833 2708 2942 2762 anti
2990 2722 3058 2763 uo
3086 2723 3208 2767 asse
3236 2711 3514 2781 Romano,
3556 2728 3689 2771 cuso
3725 2731 3756 2772 a

2150 2784 2428 2846 quaestore
2455 2775 2649 2847 Eppio.
2681 2776 2915 2833 Exhibet
2955 2779 2969 2832 i
2999 2779 3050 2835 le
3076 2791 3399 2838 consuetum
3438 2784 3645 2840 assium
3681 2796 3757 2859 ty·

2150 2859 2301 2916 pum,
2325 2844 2447 2900 Jani
2476 2849 2751 2916 geminum
2772 2855 3013 2917 caputet
3034 2859 3235 2918 ratem;
3267 2869 3459 2909 verum
3483 2857 3631 2913 inter
3651 2873 3760 2914 me-

2148 2916 2237 2972 dia
2288 2915 2488 2986 gemini
2537 2918 2658 2974 Jani
2707 2926 2955 2988 tempora
3002 2923 3373 2979 memorabilis
3423 2928 3758 2997 antiquitatis

2146 2988 2394 3043 cernitur
2414 2995 2537 3042 nota
2558 3004 2574 3056 ;
2596 2988 2852 3046 videlicet
2872 3004 2967 3046 ara
2989 2991 3329 3059 lemniscata,
3354 2997 3446 3052 cui
3475 2997 3759 3068 impositus

2146 3065 2231 3114 est
2249 3057 2407 3128 lapis,
2435 3057 2608 3115 forma
2631 3059 2756 3117 coni
2776 3060 2893 3118 sive
2911 3061 3007 3118 ovi
3028 3062 3319 3133 dimidiati,
3341 3066 3394 3122 ei
3439 3082 3507 3123 ue
3529 3072 3760 3126 circum·

2147 3127 2383 3212 yolvitur
2412 3143 2663 3202 serpens.
2689 3132 2927 3203 Serpens
2955 3130 3053 3190 ille
3080 3136 3367 3192 colubrum
3448 3137 3755 3210 pidaurium

2149 3215 2164 3256 ι
2206 3212 2433 3271 sumque
2460 3201 2622 3256 deum
2649 3202 2933 3274 designat;
2962 3202 3125 3275 lapis,
3155 3207 3297 3262 hunc
3325 3207 3508 3278 ipsum
3527 3251 3545 3277 ,
3573 3210 3760 3284 dequo

2201 3271 2378 3328 rusius
2406 3271 2678 3342 loquitur,
2707 3273 2979 3345 lapidem;
3011 3290 3129 3344 arn,
3159 3279 3366 3334 cultum
3416 3278 3719 3355 AEsculapii
3739 3325 3755 3348 .

2154 3357 2316 3412 quern
2357 3341 2584 3400 advecto
2627 3344 2731 3401 deo
2760 3344 3081 3402 solemniter
3128 3361 3461 3419 receperunt
3508 3350 3756 3409 Romani.

2155 3411 2360 3496 Eppius
2404 3413 2506 3469 hoc
2547 3422 2676 3485 typo
2710 3429 2840 3471 usus
2872 3416 3110 3484 videtur,
3140 3419 3265 3504 quia
3297 3419 3445 3478 sorte
3471 3423 3672 3494 aliquis
3695 3440 3757 3482 ex

2155 3484 2454 3612 mantilibus
2494 3485 2616 3557 ejus
2657 3486 2753 3544 isti
2791 3502 2938 3545 ειη-’.ε
2980 3491 3215 3560 praefutt.
3243 3489 3470 3550 Nummi
3502 3495 3675 3566 ipsius
3697 3498 3754 3553 li·

2156 3569 2291 3627 gura
2359 3570 2440 3614 ωε
2468 3565 2575 3614 εει.

2073 4675 2125 4741 C
2164 4675 2309 4747 gitur
2328 4691 2446 4731 cnm
2466 4693 2584 4750 τερα
2606 4694 2704 4737 suo
2729 4679 2946 4739 Pontio.

2232 4747 2322 4803 u.
2365 4747 2518 4803 Anno
2548 4752 2699 4806 subse
2735 4763 2904 4809 trente.
2934 4755 3097 4813 Anno
3119 4753 3189 4812 ab
3219 4755 3288 4814 tl.
3316 4769 3745 4822 c...cnt.xnteon-

2157 4817 2391 4874 sulcum
2424 4818 2485 4874 P.
2523 4818 2782 4880 Corneio
2824 4823 3025 4883 Rulino
3071 4825 3173 4883 fuit
3201 4827 3277 4885 tt.
3321 4829 3530 4888 Curius
3562 4831 3746 4888 Denta·

2155 4895 2265 5014 {352
2289 4903 2515 5017 &ills
2532 4893 2734 5022 'iiiii
2754 4894 3605 5028 {2⁰tz¹33132052⁸3.¹3:;“332⁰⁸
3630 4901 3748 5029 Ἥ

2153 5044 2285 5087 cero
2315 5032 2369 5087 in
2414 5032 2624 5091 Catone
2651 5036 2914 5104 ostendit.
2961 5047 3020 5096 et
3063 5038 3119 5095 in
3159 5039 3308 5099 libro
3349 4988 3437 5100 dg
3456 4987 3744 5100 virsig’llltt·

2154 5102 2360 5159 stribus
2413 5105 2700 5163 scribitur.
2759 5108 2988 5165 orosius
3037 5118 3250 5168 tautum
3296 5113 3386 5171 rei
3433 5114 3492 5171 in
3543 5113 3745 5171 Sabinis

2152 5179 2320 5298 ἓξὲξ
2350 5173 2621 5247 meminit,
2648 5177 2791 5237 sicut
2811 5190 2868 5236 et
2893 5179 3090 5239 Florus
3105 5180 3252 5239 libro
3267 5184 3451 5256 primo
3474 5185 3642 5258 capit.
3664 5184 3742 5242 ¹5.

2225 5315 2314 5373 15.
2359 5315 2653 5399 Numerum
2695 5323 2979 5395 explicare.
3034 5323 3287 5384 Floreut.
3342 5326 3610 5397 secund„
3659 5342 3737 5383 ua·

2155 5400 2294 5440 mero
2313 5401 2380 5443 ex
2419 5388 2600 5447 licui-e.

2227 5457 2312 5512 16.
2403 5475 2506 5514 nno
2532 5462 2597 5516 ab
2626 5461 2697 5520 U.
2744 5480 2790 5519 c.
2824 5480 3047 5527 consur.
3079 5467 3183 5527 llic
3221 5482 3408 5527 annus
3451 5469 3737 5528 secundnm

2152 5526 2346 5584 Fastos
2370 5528 2728 5612 Capitolinos,
2760 5550 2901 5607 quos
2944 5548 3218 5611 tamquam
3261 5542 3616 5625 certissimos
3642 5541 3733 5595 dtr·

2151 5609 3569 5743 3251.⁸52:¹¹‹¹2¹.¹:3'1·›.i3312„2⁹531‘2123·.¹5‚·..‘3‘lt.¹25¹l¹:.2
3584 5611 3734 5738 *¹²:²31

2154 5768 2225 5780 —
2252 5739 2508 5798 Error-em
2539 5743 2592 5799 in
2624 5747 2863 5803 numeris
2889 5764 3107 5824 quoque
3145 5752 3385 5831 eastigat
3414 5754 3636 5830 Pighius
3678 5751 3723 5808 itt

2154 5811 2352 5871 annal.
2384 5821 2515 5873 tom.
2543 5811 2587 5884 1,
2612 5828 2668 5889 p.
2697 5815 2825 5875 su.
2989 5832 2994 5837 ·
