4192 6434
223 351 276 413 oon
928 340 1035 401 rnout
1054 339 1168 401 unosn
1199 384 1201 388 .
1310 339 1314 346 ·
1818 338 1872 401 tte

226 467 310 526 cessit
325 471 430 536 satque
450 461 489 519 ita
513 460 670 518 uniuersam
686 457 814 517 Boiorum
837 462 947 528 gentem
966 455 1021 529 igni
1035 465 1061 525 A
1076 457 1210 515 Annibale
1232 456 1398 531 colloquium
1416 456 1551 517 iamiliare
1565 454 1670 515 babuit
1692 452 1749 514 Sed
1772 453 1871 514 inlecto

223 564 353 633 lorroque
368 564 521 625 vastantes,
536 553 734 627 propemodum
748 566 834 624 usque
854 550 888 606 ad
908 548 1023 606 nihilum
1076 539 1151 626 pacis
1175 553 1295 624 negotio,
1321 554 1356 609 ab
1381 552 1516 611 Antiocho
1537 551 1674 610 discessit.
1699 551 1729 609 in
1756 558 1869 625 utraque

149 690 151 695 ·
228 653 400 718 deleverunt.
423 649 456 707 L.
472 647 584 705 Valerio
609 646 720 716 ttaoeo,
742 647 779 703 bt.
804 643 903 701 Porcio
921 640 1024 704 Catone
1076 644 1206 716 llispania
1228 661 1277 717 per
1298 644 1491 714 Flamininum,
1518 646 1701 718 Fericiumque
1725 652 1869 717 praetores,

228 745 397 810 consulibus,
413 743 434 776 ¹¹
450 741 613 808 Antiochus,
628 754 679 796 rex
693 739 790 813 Syrico,
806 740 907 797 bellum
924 748 1022 799 eontra
1076 741 1146 799 belia
1162 742 1185 773 ¹¹
1200 741 1314 797 multum
1331 741 1441 798 horrida
1457 748 1627 812 cruentaque
1643 740 1768 811 utrisque
1788 754 1870 811 popu·

225 840 359 915 populum
375 839 527 895 Romanum
547 835 569 867 ¹¹
584 842 707 902 struens,
723 834 750 890 in
765 832 903 906 Europam
919 836 1027 891 transiit
1076 836 1110 894 lis
1133 845 1211 908 gesta
1235 844 1309 892 suut.
1333 823 1399 891 η11.
1421 836 1548 893 Cornelio
1570 835 1710 906 Scipione,
1733 832 1770 889 11.
1790 832 1871 889 Acilio

227 953 261 994 ex
278 936 352 991 Asia.
365 933 443 989 Tunc
457 930 539 987 etiem
552 928 672 995 Annibal
687 938 801 999 propter
810 929 948 985 excitandi
960 927 1025 985 belli
1075 917 1223 984 Glabrione
1236 926 1406 1000 consulibus,
1429 925 1581 1002 Antiochus
1595 927 1725 999 quamvis
1740 924 1871 981 Thermo

225 1042 362 1097 rumores,
389 1024 483 1097 quide
505 1039 538 1080 eo
561 1021 632 1094 apud
654 1022 794 1078 Romanos
813 1021 836 1055 ¹¹
848 1021 1022 1089 serebantur,
1075 1021 1152 1093 py'as
1174 1018 1381 1091 occupasset,¹¹
1394 1035 1508 1092 quarum
1531 1019 1683 1075 munimine
1699 1015 1791 1074 tutior
1809 1032 1870 1089 pro·

225 1119 355 1178 exbiberi
369 1117 390 1149 ¹¹
405 1117 519 1173 Romam
536 1130 550 1169 a
566 1123 662 1171 senatu
677 1113 784 1184 jussus,
799 1113 870 1170 elom
885 1128 918 1170 ex
934 1113 1025 1169 Airica
1075 1122 1136 1184 pter
1155 1111 1253 1169 dubios
1272 1112 1336 1168 belli
1362 1120 1476 1169 eventus
1491 1112 1580 1179 beret,
1604 1120 1697 1169 tomen
1723 1112 1867 1168 commisso

224 1213 374 1284 proiectus,
389 1210 422 1266 ad
435 1207 602 1264 Antiochum
623 1204 748 1279 migrauit
763 1222 770 1265 :
785 1221 866 1278 quem
880 1222 940 1263 cum
953 1206 1024 1278 opud
1074 1205 1158 1271 bello,
1170 1220 1185 1260 a
1198 1205 1311 1261 consule
1324 1204 1471 1261 Glabrione
1491 1215 1648 1276 superatus,
1667 1205 1712 1260 uix
1726 1220 1789 1261 cum
1804 1220 1866 1276 pan·

225 1305 365 1376 presum
381 1302 531 1358 inuenisset
542 1308 728 1368 cunctantem,
741 1314 804 1355 mor
819 1299 846 1360 itt
859 1298 960 1355 bellum
973 1300 1023 1355 im·
1074 1298 1114 1355 eis
1129 1298 1152 1330 ¹¹
1164 1298 1233 1369 iugit
1246 1314 1261 1351 e
1276 1298 1380 1365 prelio,
1396 1297 1588 1370 Ephesumque
1601 1298 1740 1369 pertenit.
1752 1297 1776 1329 ¹⁸
1787 1295 1867 1353 lsbs·

226 1401 306 1474 pulit.
328 1400 406 1455 'lunc
427 1397 511 1453 etism
525 1396 547 1427 ¹¹
561 1395 617 1460 lex,
639 1410 702 1466 quae
723 1394 759 1450 ab
779 1394 867 1466 Oppio
880 1394 902 1426 ¹⁸
917 1395 1025 1449 tribuno
1075 1391 1167 1447 buisse
1187 1390 1275 1447 lertur
1297 1402 1467 1448 armatorum
1492 1391 1634 1464 sexaginta
1650 1392 1751 1460 millio,
1765 1407 1797 1447 er
1813 1390 1869 1463 qni·

227 1493 316 1564 plebis
332 1491 385 1547 lata
398 1490 497 1557 iuerat,
511 1502 611 1560 nequa
625 1487 725 1544 mulier
737 1488 799 1564 plus
811 1504 892 1559 quam
904 1489 1024 1544 semiun-
1077 1485 1127 1540 bus
1142 1485 1320 1557 quadraginta
1336 1487 1420 1541 millia
1435 1501 1516 1556 corso,
1529 1497 1609 1557 capta
1628 1486 1688 1557 plus
1703 1499 1786 1557 qnam
1797 1486 1871 1552 quitt-

224 1588 294 1643 ciam
306 1584 364 1640 auri
380 1583 507 1648 haberet,
522 1595 593 1637 neue
605 1579 764 1636 uersicolori
780 1579 956 1648 uestimento,
972 1594 1024 1637 nec
1074 1596 1127 1651 que
1140 1580 1223 1636 ruillia
1236 1579 1321 1638 inisse
1334 1581 1499 1638 reseruntur.
1511 1581 1589 1650 Alter
1599 1581 1696 1637 consul
1707 1581 1800 1653 Scipio
1811 1595 1867 1638 crim

220 1678 347 1736 uolricuio
375 1690 424 1748 per
448 1674 549 1731 Urbem
573 1681 706 1739 uteretur,
730 1680 793 1745 post
818 1673 915 1745 uiginti
937 1688 1023 1731 anuos
1073 1674 1203 1730 Boiorum
1219 1684 1300 1745 gente
1321 1674 1456 1744 conllixit,
1470 1676 1493 1707 ¹¹
1508 1676 1534 1731 in
1555 1689 1610 1746 quo
1629 1675 1762 1747 ¹⁸preciio
1776 1675 1865 1747 viginti

222 1771 356 1842 abrogata
367 1778 421 1825 est.
434 1768 465 1822 P.
478 1766 606 1837 Scipione
619 1765 749 1822 Airicono
763 1766 877 1832 iterum,
892 1764 934 1821 Ti.
948 1764 1023 1823 Sem·
1074 1767 1159 1822 millia
1185 1767 1304 1823 bostium
1328 1766 1474 1824 interiecit.
1490 1769 1513 1802 ¹¹
1527 1768 1657 1840 Sequenti
1682 1783 1758 1824 annno
1779 1765 1866 1840 Scipio

221 1864 318 1936 pronis
341 1861 436 1931 Longo
456 1858 627 1925 consulibus,
643 1856 716 1927 apud
739 1855 921 1913 Mediolanum
937 1856 1019 1914 ¹'de·
1038 1859 1060 1919 B
1073 1856 1227 1927 Africanus,
1254 1858 1358 1914 babens
1379 1860 1406 1915 in
1436 1858 1538 1917 auxilio
1562 1859 1715 1916 Eumenem
1737 1860 1822 1917 Attali
1842 1857 1869 1916 A·

218 1971 281 2013 cem
305 1952 388 2010 millia
403 1951 545 2008 Gallorum
565 1964 637 2007 cesa
650 1969 657 2006 ;
670 1950 798 2021 sequenti
821 1959 911 2007 autem
925 1951 1023 2021 proelio
1074 1951 1150 2018 iinon,
1165 1950 1296 2007 aduersus
1315 1950 1489 2022 Annibalem,
1506 1951 1552 2024 qui
1565 1961 1630 2009 tuuc
1646 1949 1777 2009 Antiochi
1791 1953 1865 2009 classi

222 2046 351 2103 undecim
365 2045 448 2100 millia
461 2043 614 2109 Gallorum,
628 2042 813 2116 homanorum
823 2057 889 2098 tero
901 2041 1022 2115 quinque
1075 2055 1214 2115 praeerat,
1240 2045 1342 2100 bellum
1370 2045 1464 2102 trauale
1490 2045 1594 2118 gessit,
1627 2039 1804 2114 Antiochus,
1831 2044 1865 2103 ri-

221 2137 317 2204 milliA,
330 2136 422 2191 occisa
439 2143 516 2191 suut.
536 2134 558 2166 ¹⁸
571 2132 683 2188 Publius
696 2131 778 2205 272
794 2132 907 2205 Digitius
920 2143 1022 2204 pretor
1073 2146 1118 2192 eto
1130 2137 1212 2210 273
1225 2136 1361 2202 Annibale
1382 2145 1464 2209 atque
1484 2138 1513 2193 iu
1528 2139 1617 2209 lugam
1633 2146 1709 2207 aeto,
1735 2138 1864 2211 simulque

220 2231 247 2288 in
264 2228 395 2299 llispania
419 2228 560 2300 citeriore,
585 2242 655 2298 pene
675 2242 784 2283 omnem
801 2228 895 2283 amisit
916 2228 1021 2285 exerci·
1073 2229 1148 2284 omni
1171 2230 1296 2285 exercitu
1311 2229 1424 2295 amisso,
1442 2244 1538 2301 pacem
1553 2232 1662 2302 rogauit
1679 2251 1685 2285 :
1702 2230 1725 2263 ¹·
1738 2231 1868 2304 hliumquo

128 2374 130 2377 A
219 2333 288 2378 tum.
313 2323 348 2379 ll.
365 2321 480 2378 Fuluius
506 2326 608 2391 prnmr
629 2319 782 2397 Celtiberos
807 2335 868 2377 eum
891 2322 1020 2392 proximis
1074 2318 1300 2393 Africani‚quem
1317 2330 1408 2379 utrum
1424 2322 1623 2396 explorantem,
1636 2323 1868 2396 aninprattooe

219 2416 349 2485 gentibus
364 2415 440 2479 uicit,
455 2414 475 2448 ¹¹
487 2425 635 2484 regemque
654 2425 750 2467 eorum
765 2413 848 2483 cepit.
861 2413 1020 2479 llinuciusa
1073 2416 1170 2488 pisset,
1186 2418 1319 2474 incertum
1336 2427 1388 2484 εει,
1402 2418 1472 2474 ultro
1488 2416 1601 2474 remisit.
1615 2416 1644 2474 ln
1658 2417 1790 2490 llispauia
1802 2419 1867 2475 ulte-

218 2504 366 2578 Ligurihus
379 2504 407 2561 in
418 2514 575 2562 extremum
590 2501 738 2575 perieuli¹⁰
753 2503 899 2574 adductus,
911 2514 940 2563 ct
954 2507 1022 2564 iusi·
1071 2508 1145 2563 riore
1158 2508 1180 2540 ⁸¹
1197 2507 1367 2565 L.AEmilius
1382 2511 1574 2581 proconsules
1587 2509 1728 2568 Lusitanis
1742 2526 1804 2567 cum
1814 2512 1867 2568 urti-

217 2601 271 2657 diis
282 2600 402 2656 bostium
415 2600 633 2665 circumuentus,
648 2596 693 2653 uit
704 2596 882 2656 Numidarum
898 2601 1019 2671 equitum
1072 2616 1156 2658 uerso
1168 2601 1291 2658 exercitu
1304 2618 1394 2659 cesus
1414 2601 1527 2660 interiit.
1544 2602 1574 2659 L.
1598 2603 1709 2661 Bobius
1731 2604 1760 2660 in
1779 2604 1867 2677 llispa-

218 2693 353 2749 industria
379 2691 514 2749 liberatus
533 2701 586 2748 est.
604 2691 626 2722 ¹¹
649 2689 740 2759 Scipio
767 2690 922 2763 Africanus,
950 2695 1022 2753 inter
1072 2692 1866 2768 nlamprohciscens,aLiguribuscircumuentus,cumuni-

218 2794 334 2841 coeteros
348 2783 454 2855 legatos
479 2783 514 2839 ad
530 2781 696 2839 Antiochum
716 2781 830 2852 missus,
859 2786 941 2841 etiam
956 2800 1019 2844 cunr
1069 2802 1148 2845 uerso
1163 2788 1283 2845 exercitu
1295 2789 1401 2846 occisus
1414 2798 1456 2846 est
1468 2807 1476 2843 z
1486 2789 1558 2846 unde
1571 2788 1593 2821 ¹¹
1609 2789 1681 2847 adeo
1699 2806 1733 2849 ue
1748 2790 1865 2847 nundus

864 2941 1092 3002 ttAtuttuAuet
1112 2942 1228 3002 NOTAE.

254 3085 299 3141 11.
320 3081 474 3150 Antiochus,
496 3097 544 3137 res
563 3080 661 3153 Syrie.
681 3081 723 3138 lle
748 3081 801 3138 hoc
823 3091 850 3138 et
873 3079 1018 3139 Annibalis
1106 3077 1154 3135 22.
1182 3078 1305 3134 Multum.
1333 3079 1420 3153 Lugd.
1447 3078 1509 3139 llot.
1530 3087 1623 3153 quart.
1648 3089 1679 3140 ct
1703 3083 1750 3142 cd.
1784 3084 1862 3159 Aug„

219 3156 337 3214 transitu
352 3154 385 3211 ad
401 3154 488 3225 ipsum
511 3151 615 3219 Liuius,
630 3151 773 3225 Appiauus
785 3152 820 3209 de
837 3153 921 3210 rebus
934 3153 1018 3210 Anni·
1072 3152 1165 3206 multo.
1178 3149 1240 3205 lior
1255 3150 1350 3207 eadem
1366 3154 1424 3220 ed.,
1438 3153 1685 3227 utriusquepopnli.

217 3229 300 3295 baiis,
310 3237 338 3284 et
353 3228 381 3283 in
395 3224 529 3298 Syriacis,
548 3223 672 3283 lustinus
689 3223 760 3282 libro
775 3223 916 3297 trigesimo
929 3227 1019 3298 primo
1107 3221 1154 3277 Sil.
1179 3219 1212 3277 P.
1229 3220 1310 3277 Corn.
1334 3223 1412 3294 scip.
1430 3223 1470 3278 tt.
1495 3223 1589 3280 Acilio.
1611 3226 1642 3281 lli
1666 3241 1740 3283 coss.
1762 3228 1862 3287 luerunt

218 3297 304 3356 Fron.
1032 3297 1057 3363 C
1071 3292 1308 3350 onnoUrbisnuxt.
1320 3293 1389 3350 Acii.
1402 3296 1429 3351 in
1440 3294 1586 3365 Capitolia.
1599 3293 1699 3354 tabulis
1709 3305 1860 3370 prenomen

219 3373 222 3378 ’
256 3373 300 3425 td.
322 3368 444 3426 Strnens.
467 3365 556 3423 Nolim
578 3364 699 3428 hictam
726 3365 871 3424 munideus
890 3381 951 3424 esse
970 3383 1019 3425 vo·
1074 3363 1114 3421 11.
1132 3364 1224 3431 babet,
1239 3380 1293 3438 quo
1308 3363 1412 3421 hunius
1425 3366 1608 3438 signibeatur.
1624 3367 1861 3444 Plutarchusqno

219 3440 316 3497 luisset
339 3439 368 3496 in
392 3439 532 3503 Orosium,
559 3440 605 3509 qtti
627 3438 758 3492 instruens
780 3438 853 3494 lecit.
883 3438 1018 3496 Lrur.-
1070 3449 1123 3506 que
1140 3435 1213 3491 hunc
1235 3438 1261 3490 in
1277 3432 1422 3505 Fiaminlo',
1441 3440 1535 3494 Μάνιον
1546 3438 1664 3511 Ἀκίλιον,
1686 3437 1826 3512 Appiactts
1837 3446 1859 3499 in

219 3509 304 3566 llectc
319 3524 393 3576 seue,
409 3525 471 3564 rrum
486 3519 603 3571 struens,
617 3522 672 3564 non
683 3509 824 3574 instruens,
842 3510 979 3566 inuenitur
990 3512 1016 3567 in
1071 3506 1194 3579 Syriaca.
1208 3509 1313 3565 ’Δκίλιον
1332 3509 1422 3564 hiereos
1439 3510 1589 3586 riedpione
1604 3517 1714 3580 vocant,
1733 3514 1781 3585 qui
1796 3514 1861 3571 dore

219 3595 288 3638 tnss.
312 3577 382 3645 lieo,
412 3578 538 3635 Perizon.
567 3588 650 3650 atque
679 3578 872 3650 Ultrnjectinu.
898 3580 1017 3638 Verbum
1069 3590 1147 3649 gesta
1167 3592 1228 3632 cum
1253 3580 1391 3635 Autioclro
1414 3588 1480 3636 sunt
1500 3583 1605 3656 tegoudi
1625 3597 1689 3637 cum
1704 3583 1785 3641 Lirio
1804 3585 1858 3643 libr.

217 3665 327 3723 qnoque
340 3660 413 3707 struo
429 3649 523 3711 dolum
539 3656 652 3706 nectere
665 3649 821 3720 subinnuit,
837 3660 866 3707 ut
879 3650 945 3709 lecit
957 3654 1016 3708 An-
1069 3647 1258 3717 inminse,
1274 3649 1368 3714 Floro,
1384 3650 1516 3719 Eutropio
1530 3661 1557 3707 et
1571 3652 1645 3708 attis.
1663 3651 1752 3711 Fece.

216 3726 336 3782 huchue.
724 3720 727 3725 ’
757 3781 771 3792 „
1103 3719 1148 3774 Sd.
1169 3718 1287 3786 Oscorum
1303 3721 1788 3794 munimine.Logtl.Butl.tresctittt
1798 3726 1858 3785 coll.

253 3793 297 3849 15.
318 3791 489 3849 serebantur.
515 3790 565 3848 Sd.
590 3791 659 3864 Aug.
681 3790 841 3863 socientur,
867 3800 944 3851 utet
965 3794 1015 3852 lid.
1068 3789 1202 3850 Gronov..
1218 3807 1250 3845 eo
1263 3808 1371 3865 quorum
1387 3792 1539 3849 nutrimine.

216 3864 315 3922 Scotto.
1102 3861 1147 3918 25.
1170 3858 1212 3915 re
1233 3863 1253 3915 it
1264 3865 1388 3936 eproelio.
1406 3864 1481 3920 lleus
1498 3867 1597 3937 codex,
1613 3865 1708 3940 effugit
1718 3868 1754 3925 de
1764 3869 1856 3941 prelio.

223 3939 226 3944 '
253 3934 298 3991 11.
318 3933 441 3990 Romam.
458 3933 504 3990 Sic
519 3932 642 3990 melioris
657 3945 725 3991 mss.
742 3933 833 3992 Rome
844 3936 902 3995 alii.
1102 3932 1147 3989 26.
1169 3931 1197 3988 is
1212 3880 1331 4016 {rubuisse
1346 3937 1430 4006 fertur
1444 3946 1605 3993 oratotoront
1624 3951 1658 3994 ur
1677 3937 1775 3997 millio.
1788 3941 1856 3998 hore

224 4065 227 4070 ,
254 4009 301 4063 to.
322 4006 388 4071 Les,
403 4003 504 4077 quteob
520 4004 614 4077 Oppio.
631 4005 826 4063 contentiones
842 4009 876 4065 de
892 4010 947 4082 lege
962 4009 1016 4084 Op-
1069 4019 1223 4073 illinierunt,
1250 4006 1327 4061 blito
1351 4016 1472 4071 auclore.
1497 4007 1622 4065 Valerius
1644 4009 1743 4067 Antias
1767 4012 1854 4069 edidit.

217 4074 905 4205 lit.tilblltllllltlbilll¹llll..
919 4097 1014 4207 {¹¹¹¹
1068 4076 1467 4206 illiti.bttitlbti
1481 4080 1615 4206 All⁰⁰¹¹¹
1630 4083 1760 4140 ‘¹⁰¹⁰³¹'¹
1779 4097 1856 4141 ‘²⁸⁰⁵

243 4183 275 4198 ..
958 4169 970 4204 ι·
994 4169 1012 4209 1.
1461 4192 1467 4205 .
1558 4195 1565 4208 .

218 4217 302 4275 Fron.
752 4188 760 4214 ’
844 4167 859 4221 g
938 4168 991 4210 Lu
1102 4167 1270 4302 Shplnquo
1295 4219 1385 4289 prelio
1405 4236 1439 4275 ιι
1465 4223 1548 4276 millio
1569 4224 1696 4281 leontium.
1718 4224 1853 4283 buodetsi·

253 4290 297 4345 tu.
318 4286 433 4343 Tribuoo
448 4288 540 4360 plebio.
553 4285 621 4345 Cod.
637 4286 775 4360 Longob,
790 4298 819 4345 ut
833 4299 861 4348 et
873 4290 1013 4363 Perizon.‚
1066 4288 1139 4358 ginta
1162 4289 1247 4345 milbn
1267 4290 1385 4345 bostium
1409 4307 1481 4348 cesa
1500 4291 1597 4352 Antias
1612 4294 1742 4352 Valerios
1757 4299 1851 4367 scribit,

218 4359 323 4416 tribuno
338 4359 416 4427 plebi.
1065 4369 1143 4431 coptu
1167 4362 1218 4416 tria
1244 4361 1329 4416 millia
1355 4372 1382 4418 et
1408 4377 1486 4435 cccc,
1512 4365 1589 4439 signa
1612 4368 1745 4424 militaria
1769 4383 1849 4439 cxxtt,

255 4432 298 4488 11.
318 4428 345 4485 X
359 4430 445 4485 millio
468 4427 606 4485 Gallorum
624 4445 701 4485 coro.
723 4429 798 4487 lianc
820 4434 964 4492 uictoriam
980 4437 1014 4495 de
1065 4445 1227 4501 1111081136,
1244 4447 1290 4487 cur·
1311 4442 1373 4489 enta
1387 4448 1504 4505 scruutr,
1519 4435 1621 4494 hirtius.
1639 4437 1724 4495 Fron.

218 4500 304 4558 Gallis
324 4502 472 4573 reportavit
488 4499 521 4556 L.
542 4500 664 4557 Valerius
677 4499 793 4558 Flaccus
807 4503 920 4562 Procos.
937 4507 1013 4565 Alte·
1101 4503 1148 4558 Sil.
1169 4500 1277 4559 Ptoelt'tt·
1292 4447 1434 4571 11111011..
1448 4505 1528 4575 bello,
1544 4518 1668 4581 utsepe.

215 4588 276 4628 rum
289 4575 415 4644 proelium
429 4574 457 4629 in
472 4587 525 4641 quo
538 4570 725 4628 Romanorum
739 4586 791 4628 iton
808 4576 954 4633 incruenta
973 4581 1013 4636 ui·
1100 4573 1147 4629 19.
1168 4573 1293 4646 Sequenti
1313 4592 1393 4631 uerno.
1420 4577 1524 4635 Selium
1540 4580 1743 4639 Antioebcnum
1766 4583 1850 4643 cortic·

216 4648 304 4700 ctoria
318 4644 381 4711 luit,
397 4644 573 4699 commissum
597 4650 639 4699 est
664 4658 680 4698 a
705 4642 748 4700 Ti.
772 4645 936 4719 Sempronio
952 4665 1011 4707 cos.
1066 4642 1103 4699 cit
1125 4643 1242 4700 Africani
1259 4644 1343 4702 irater
1363 4646 1394 4703 L.
1412 4649 1515 4721 Scipio,
1536 4651 1603 4708 inde
1624 4652 1852 4731 Asiaticcsappcl·

222 4714 314 4771 Livius
328 4715 377 4770 lib.
392 4728 488 4770 xxxtu.
500 4712 584 4770 Foru.
1065 4716 1145 4782 latus,
1162 4714 1255 4772 Liuius
1268 4717 1315 4772 lib.
1331 4734 1437 4776 xxxttt.

255 4787 301 4842 18.
322 4785 356 4841 l'.
371 4783 498 4857 Diqitius.
513 4782 543 4841 ln
559 4785 680 4842 Gualteri
695 4781 767 4842 libro
780 4786 896 4860 Digitius
926 4807 1015 4849 roano.
1101 4786 1145 4842 Ab.
1164 4785 1310 4861 Filiornque
1333 4790 1465 4863 Africani.
1492 4792 1630 4865 Appianus
1653 4812 1750 4855 errore
1763 4797 1851 4856 duetus

218 4871 282 4912 meu
300 4857 401 4912 nullum
418 4855 511 4911 habet.
526 4854 618 4911 Livius
635 4856 714 4913 initio
741 4857 789 4912 lib.
805 4865 876 4916 xrx'v
897 4806 951 4918 Spes
963 4862 1013 4919 Di·
1066 4858 1172 4929 putarit
1187 4859 1257 4916 bunc
1270 4873 1332 4917 esse
1354 4863 1429 4918 l‘auli
1441 4862 1546 4920 AEmilii
1568 4864 1674 4938 illium,
1692 4870 1741 4942 qui
1760 4871 1786 4926 in
1800 4869 1852 4927 Sci·

219 4928 314 5006 gitium
329 4929 462 4992 nominat,
484 4925 530 4983 ubi
543 4936 655 4994 coetero,
671 4942 732 4998 quoe
749 4926 794 4985 hic
810 4930 932 4991 breviter
945 4934 1015 4992 oro.
1066 4931 1175 4999 piouum
1202 4927 1330 4986 inmittam
1345 4932 1487 5004 adoptatus
1501 4936 1642 5009 Africortos
1663 4941 1752 4995 minor
1773 4941 1851 4997 dictm

219 5011 286 5064 stus,
301 4998 398 5055 ordine
412 5007 672 5055 commemorantur.
685 4997 769 5055 Fons.
1067 5000 1136 5055 luit:
1159 5000 1207 5057 sed
1223 5001 1269 5059 iile
1283 5019 1335 5058 non
1351 5004 1386 5061 eb
1400 5004 1529 5062 Africano
1555 5009 1713 5135 suqetdore,
1737 5011 1786 5069 sed
1800 5009 1851 5082 clu

256 5089 300 5144 19,
322 5090 468 5166 1309,qu
486 5106 588 5147 emm,
610 5090 662 5147 gp,
682 5093 795 5163 qqgusq
811 5111 896 5169 ,egem
913 5113 1016 5171 quom
1066 5071 1123 5196 qltio
1134 5072 1276 5157 adoptatus
1288 5072 1348 5159 init,
1362 5074 1459 5134 Cicero
1471 5088 1501 5134 ct
1515 5079 1572 5134 alil.
1607 5089 1669 5137 ιιι.
1681 5081 1852 5156 -ttoxprc

220 5172 319 5214 eorum,
1077 5157 1103 5197 ro
1121 5158 1169 5213 pro
1181 5160 1209 5197 nt
1223 5143 1314 5212 proelto
1327 5146 1369 5201 ed.
1386 5149 1454 5220 Aug.

1106 5217 1150 5272 51.
1165 5214 1262 5272 Lucios
1286 5216 1412 5275 AEntilios
1426 5222 1589 5293 proconsule.
1612 5219 1714 5282 anlut
1733 5221 1853 5283 AEsttirs

254 5246 302 5304 ²⁰⁰
323 5250 467 5309 mmm·
483 5253 691 5324 1111111111*Ὴῶ
706 5254 778 5313 ΒΜ·
793 5265 850 5316 “⁰⁸
864 5262 953 5319 ’11111
969 5264 1014 5321 ⁶¹¹·
1069 5283 1172 5343 Paulus
1189 5299 1300 5357 praetor,
1325 5289 1452 5360 Scipione
1472 5300 1500 5348 et
1520 5291 1668 5352 Glabrione
1690 5295 1851 5366 cousullbss,

221 5320 293 5391 Aug.
309 5320 418 5395 legitur,
433 5326 462 5380 in
487 5335 631 5383 ostreorum
653 5326 799 5395 pericolum
818 5331 947 5390 adductus
964 5344 1015 5392 est.
1084 5359 1117 5410 qq.
1139 5359 1179 5409 „-
1564 5368 1569 5378 ·
1827 5366 1834 5380 ·

222 5389 334 5447 venete
348 5408 457 5501 (11111119
475 5398 620 5470 Amadum
640 5399 782 5469 ⁸⁰¹ib¹¹¹¹¹3
797 5404 847 5460 ⁵⁶¹¹
862 5402 1013 5462 1101910111·
1069 5359 1851 5504 1011111111](11113116111801111111111111111111311111111ζ110,

253 5483 300 5568 21ἶ
322 5484 414 5573 Setpto
426 5492 576 5565 Africanus,
591 5496 658 5550 inter
669 5501 775 5551 eeteros
785 5497 894 5571 leqotos.
909 5495 950 5556 ue
962 5495 1014 5572 hae
1068 5496 1228 5557 Plutarchus
1241 5503 1267 5557 in
1282 5501 1405 5560 AEtnilin.
1423 5505 1503 5563 Anno
1516 5517 1608 5565 autem
1621 5510 1748 5582 sequenti
1771 5509 1852 5567 riom

217 5555 356 5643 legatrone
375 5560 481 5647 Liuius,
505 5575 533 5621 et
551 5568 667 5637 Appian.
687 5562 714 5617 in
738 5564 861 5638 Syriaca,
882 5571 927 5637 qui
952 5584 1015 5625 nar·
1067 5581 1083 5623 a
1098 5567 1234 5627 Lusitanis
1246 5587 1292 5630 εει
1309 5573 1392 5631 millia
1405 5577 1441 5633 de
1455 5578 1576 5635 exercitu
1589 5595 1639 5637 suo
1649 5583 1753 5652 amisit,
1766 5580 1852 5639 Lirius

217 5636 281 5683 saro
295 5628 416 5692 Airreaur
438 5650 597 5694 sermonem
613 5651 675 5692 curn
696 5629 832 5695 Annibale
846 5638 966 5695 habitum
982 5641 1015 5698 de
1064 5639 1136 5698 libro
1148 5657 1250 5700 rxruu.
1267 5645 1404 5705 interiisse
1417 5651 1503 5720 ipsum
1523 5649 1637 5708 Orosius
1646 5665 1745 5723 pst-ortt
1765 5649 1852 5711 cousi·

217 5712 324 5781 rnnrnto¹
348 5703 515 5777 inperatore.
546 5706 625 5764 Unde
652 5705 793 5764 'Lucienus
820 5720 1011 5779 argumentum
1064 5712 1158 5770 derare
1172 5717 1274 5773 scribit.
1301 5719 1341 5774 lle
1356 5718 1448 5775 Baebio
1470 5721 1561 5779 occiso
1582 5735 1599 5779 a
1623 5721 1850 5800 Ligmihuchlr.

217 5781 340 5835 sumpsit
352 5774 469 5854 biatogi,
485 5778 531 5849 qui
544 5778 579 5838 de
594 5777 647 5836 bac
660 5793 690 5838 re
703 5779 730 5837 le
744 5787 799 5845 coir
808 5788 930 5863 εικρικοῖς
943 5782 1010 5857 legi·
1061 5793 1186 5843 extremo
1196 5787 1242 5842 lib.
1254 5802 1358 5844 ιιιιιι.
1374 5788 1457 5847 Fron.

214 5844 272 5896 ιιι.
287 5838 370 5903 deun.
495 5923 500 5928 .
1097 5857 1143 5913 ιιι.
1153 5858 1239 5943 Adeo.
1250 5857 1311 5919 lion
1321 5873 1460 5935 comparet
1472 5863 1501 5923 in
1511 5863 1575 5926 ead.
1586 5861 1633 5926 cd.
1646 5863 1721 5944 Aug.
