4192 6434
633 696 1427 741 w—

397 812 667 893 EPISTOLA
705 807 1085 884 DEDIOATORIA
1121 807 1335 884 Btvttttn
1370 812 1638 893 EDITORIS·

194 1039 378 1100 illustrissimo
388 1058 420 1098 ae
435 1040 658 1123 Reverendissimo
673 1036 783 1095 llomino
795 1034 830 1093 ll.
847 1035 962 1093 Gabriell
972 1036 1004 1092 de
1017 1034 1094 1092 Trcia
1108 1033 1140 1093 S.
1155 1032 1190 1090 ll.
1207 1030 1241 1093 tt.
1255 1031 1390 1092 cardinali
1400 1037 1563 1110 amplissima
1577 1039 1627 1096 Fr.
1643 1038 1801 1099 liranciscus
1815 1042 1849 1100 de

732 1128 812 1185 Bivar
822 1128 854 1187 S.
868 1128 999 1185 Bernardi
1014 1124 1179 1183 Procurator
1191 1124 1224 1183 S.
1237 1134 1262 1182 et
1272 1124 1307 1181 F.

239 1249 343 1323 llaqnis
356 1265 451 1323 maqna
464 1248 590 1306 donanda
602 1262 656 1304 esse
667 1261 790 1316 munera,
806 1258 871 1317 quat
885 1242 1008 1300 nimirum
1023 1241 1126 1298 minora
1140 1257 1191 1297 non
1205 1242 1328 1311 deceant,
1341 1242 1413 1319 apud
1428 1259 1516 1301 ansnes
1528 1246 1556 1301 in
1568 1256 1700 1318 consperto
1715 1256 1753 1305 est
1764 1265 1774 1305 .·
1785 1264 1847 1304 nam

194 1358 246 1419 quo
260 1347 346 1418 niujan
360 1344 484 1416 quirent,
498 1345 525 1400 in
538 1341 701 1400 eminentiori
720 1341 778 1396 loco
797 1339 898 1413 positus
919 1336 951 1392 de
969 1337 1083 1392 minimis
1104 1336 1190 1392 mistus
1203 1345 1287 1393 curat.
1308 1336 1362 1393 Cea
1382 1339 1469 1411 quiin
1488 1348 1585 1395 terram
1602 1342 1635 1397 ab
1652 1343 1707 1399 alta
1721 1344 1848 1417 prospicit

196 1446 285 1509 turre,
298 1437 425 1510 inferiora
444 1437 571 1509 despiciat
588 1450 719 1492 necessum
732 1442 769 1488 est
785 1448 795 1487 .·
810 1440 966 1505 utpotequoe
979 1430 1125 1485 discernere
1140 1446 1204 1502 pene
1222 1439 1341 1503 nequeat.
1359 1431 1417 1486 Tibi
1429 1448 1505 1505 erqo,
1519 1435 1685 1505 Amplissime
1697 1436 1844 1512 Princeps,

196 1531 244 1604 qni
259 1532 294 1587 ad
312 1533 441 1588 excelsum
456 1533 513 1589 caeli
532 1531 666 1587 cardinem
684 1528 773 1595 tedes,
791 1527 875 1583 altera
890 1540 926 1587 cs
946 1524 1097 1581 matricibus
1117 1524 1295 1597 intelliqentiis
1312 1528 1394 1596 faeta,
1415 1542 1526 1596 quarum
1546 1537 1611 1583 nutu
1629 1530 1763 1586 universus
1778 1531 1848 1588 orbis

193 1621 362 1681 Christianus
376 1625 576 1698 circumquaque
596 1625 708 1697 reqitnt,
730 1635 893 1692 nequaqnam
909 1617 1095 1672 munusculum
1111 1625 1165 1670 tant
1184 1616 1308 1687 cuiquam
1326 1617 1476 1673 donandum
1491 1620 1593 1689 sumat,
1609 1621 1687 1693 quale
1700 1622 1849 1680 chronicon

195 1720 325 1791 ejusmodi
336 1721 424 1777 multis
434 1720 570 1777 videbitur.
583 1718 710 1775 Caeterum
719 1718 741 1771 si
754 1731 794 1770 ret
807 1729 859 1768 uon
868 1710 1060 1783 ntaqnitudine‚
1077 1708 1123 1763 sed
1134 1708 1217 1779 pretia
1230 1708 1476 1779 artemonianos,
1492 1727 1634 1783 numquam
1649 1714 1748 1770 adduci
1760 1725 1849 1789 potero

193 1818 223 1866 stt
237 1814 322 1883 fatear
335 1812 483 1868 chronicon
499 1812 590 1868 Dextri
607 1810 680 1880 parvi
698 1806 844 1861 habendam
864 1818 937 1871 esse,
953 1802 1025 1873 qnod
1035 1800 1165 1857 volantine
1178 1801 1301 1872 cuiquum
1318 1801 1393 1856 valde
1408 1802 1460 1867 sit,
1477 1803 1687 1894 quandoquidem
1705 1808 1739 1861 ad
1748 1809 1850 1880 justam

193 1905 317 1962 libratum
332 1917 455 1963 stateram
474 1906 588 1977 pondere
607 1921 655 1960 esto
671 1903 803 1974 multaque
817 1898 933 1973 inqentia
952 1897 1085 1952 columina
1104 1902 1228 1967 eruperat,
1251 1910 1309 1964 quea
1322 1893 1355 1950 de
1368 1911 1396 1950 re
1413 1894 1539 1953 hactenns
1559 1898 1732 1955 ecclesiastico
1747 1902 1848 1973 scripta

192 2008 267 2055 sunt.
283 1998 380 2055 Nescio
393 2017 426 2055 au
439 2001 608 2073 marqaritum
618 1997 764 2073 eqreqium,
776 1996 857 2060 sunio,
872 2009 915 2049 seu
927 1993 1036 2047 adamas
1043 1992 1107 2063 jure
1118 1990 1207 2045 vocari
1221 1996 1315 2061 queat,
1334 1989 1471 2062 plusquam
1488 1992 1588 2060 eaden,
1599 1993 1651 2049 nisi
1661 1997 1720 2067 quit
1731 1995 1849 2051 libellum

197 2103 307 2143 aureum
319 2098 465 2158 nuncupet,
483 2090 620 2163 pereqrina
639 2088 736 2160 inqenii
749 2094 805 2140 arte
822 2084 992 2156 elaboratum.
1007 2084 1072 2152 Qnoe
1090 2098 1200 2151 namque
1215 2081 1383 2137 historiarum
1404 2094 1455 2138 tam
1469 2085 1610 2142 recondita
1625 2086 1722 2143 divitica
1737 2106 1848 2162 usquam

194 2181 281 2254 luere,
294 2197 354 2254 quor
367 2198 384 2237 a
397 2180 495 2239 Deatro
508 2182 690 2253 pretermissa
702 2180 772 2236 sint?
785 2177 964 2233 liomanorum
980 2175 1134 2249 pontificum
1148 2175 1343 2242 successiones,
1363 2176 1549 2248 imperatarum
1562 2179 1696 2250 facinora,
1714 2183 1848 2254 exstirpa-

201 2273 281 2329 tiones
295 2273 438 2341 heresum,
451 2275 621 2330 conciliorum
637 2281 730 2327 eructa
745 2268 886 2337 discussio,
906 2266 1048 2323 Doctorum
1062 2266 1179 2338 scripta,
1199 2266 1342 2321 eversiones
1358 2282 1497 2341 reqnorum
1510 2311 1517 2334 ,
1532 2271 1746 2328 monarchiarum
1761 2284 1847 2331 trans.

125 2413 131 2428 ,
197 2365 370 2430 mutationes,
385 2379 443 2435 quar
457 2380 473 2419 a
486 2373 547 2419 nato
559 2360 673 2419 Domino
691 2362 725 2418 ad
752 2370 859 2417 mortem
880 2378 960 2433 usque
976 2361 1092 2418 auctoris
1112 2370 1165 2416 toto
1182 2361 1242 2416 orbe
1261 2362 1385 2433 sumunt,
1399 2371 1458 2417 tant
1472 2361 1604 2418 luculenta
1618 2381 1696 2436 quant
1710 2368 1842 2424 succincto

124 2453 147 2498 i*
198 2454 266 2525 stqlo
277 2454 467 2527 complectitur.
483 2452 585 2509 Parum
599 2452 651 2508 hbe
665 2470 675 2510 .·
690 2453 760 2509 orbis
774 2454 857 2525 ipsius
878 2451 1051 2525 apostolicam
1070 2452 1242 2519 divisionem,
1258 2455 1478 2528 peraqrationem,
1495 2458 1722 2528 pradicationem,
1740 2478 1847 2519 conver-

195 2550 312 2614 tionem,
336 2550 546 2619 patriarcharum
574 2556 651 2622 atquc
668 2548 854 2622 episcopalium
879 2547 981 2603 sedium
1005 2543 1115 2615 miram,
1138 2548 1289 2619 variamque
1311 2548 1506 2619 fundationem,
1534 2562 1680 2623 martyrum
1703 2554 1843 2624 victorias,

195 2640 376 2712 consessorum
388 2640 547 2713 triumphas,
562 2652 586 2698 et
596 2641 625 2698 id
637 2659 719 2715 qenut
730 2642 784 2698 alia
795 2642 851 2697 sine
866 2655 987 2709 rotemero,
1003 2656 1056 2696 una
1067 2656 1130 2711 pene
1144 2641 1240 2713 pnqina
1255 2641 1379 2714 penicilla
1393 2642 1442 2697 leni
1454 2643 1582 2717 depinqit.
1599 2647 1676 2715 Quod
1685 2648 1720 2703 ad
1732 2651 1846 2721 patriam

198 2747 276 2790 sttom
287 2730 468 2787 illustrandam
489 2742 587 2805 spectat
601 2735 746 2808 (Hispania
760 2736 816 2792 hac
833 2734 912 2807 luit),
926 2735 1016 2791 erectis
1029 2749 1076 2806 per
1090 2735 1210 2809 sinqulas
1227 2735 1343 2793 civitates
1355 2747 1515 2809 rrsartqrum,
1532 2749 1557 2795 et
1572 2741 1715 2797 illustrium
1727 2745 1843 2801 virorum

192 2826 315 2897 tropaeis,
331 2825 412 2880 multo
424 2843 502 2899 quam
517 2829 602 2883 cutem
617 2829 787 2902 locupletius,
802 2828 920 2884 reddidit
933 2829 1114 2884 illustriorem.
1127 2829 1187 2895 Qua
1196 2828 1224 2884 in
1233 2845 1262 2884 re
1274 2830 1325 2884 soli
1339 2847 1403 2900 pene
1416 2822 1513 2888 Deutro
1528 2834 1601 2889 debet
1616 2834 1759 2907 Hispania,
1773 2841 1844 2911 quod

196 2915 246 2973 sibi
266 2920 360 2972 multos
378 2919 510 2993 cqreqios,
529 2922 754 2993 sanctissimosque
773 2920 836 2988 fidei
858 2937 912 2977 tute
926 2930 1045 2995 parentet
1068 2920 1222 2989 vindicavit,
1242 2937 1307 2994 quas
1324 2921 1461 2978 oblivionis
1482 2941 1575 2993 parens
1589 2934 1689 2999 tempus
1708 2930 1740 2983 ab
1755 2932 1840 3003 ipsius

197 3025 295 3067 corana
306 3010 452 3079 reciderat,
467 3030 563 3087 maqno
577 3033 636 3070 cum
649 3016 755 3071 lnonaris
768 3016 827 3087 ciat
841 3018 957 3089 jactura.
970 3012 1081 3070 Hinime
1095 3013 1175 3088 iqitur
1185 3014 1258 3085 parvi
1270 3014 1345 3083 pretii
1360 3014 1516 3071 credendum
1527 3027 1564 3072 est
1578 3020 1708 3091 ejusmodi
1717 3020 1815 3075 danuam
1831 3036 1841 3075 .·

199 3110 225 3159 ct
241 3113 389 3177 eapropter
404 3104 594 3177 Haqnitudinis
609 3118 661 3165 tua
674 3125 725 3163 trau
746 3109 893 3181 indiquum.
909 3105 965 3179 qu
984 3116 1008 3162 et
1025 3106 1139 3162 debiturn
1156 3115 1235 3176 puta,
1257 3122 1316 3162 curn
1335 3108 1487 3163 meritarum
1507 3110 1663 3184 eaiqerttiatn
1687 3128 1733 3168 seu
1752 3131 1845 3170 cansa·

160 3202 163 3209 '
193 3200 313 3256 stantiam
324 3201 445 3256 discutio.
458 3200 564 3256 Clarntn
575 3201 702 3273 siquidem
714 3200 784 3273 npud
797 3200 938 3265 seculum,
953 3208 980 3256 et
993 3197 1094 3254 Christi
1107 3198 1167 3254 ndat
1179 3198 1300 3256 deditum
1312 3198 1491 3273 Hieronymus
1503 3205 1602 3258 vocavit
1617 3214 1748 3262 auctorem
1762 3208 1844 3274 hunc,

190 3297 280 3362 utpote
290 3292 336 3363 qui
346 3292 473 3364 sanquine
480 3292 589 3359 nabilis,
604 3291 681 3348 claris
691 3308 794 3365 quoque
805 3294 965 3365 profectura
977 3291 1141 3361 praetorianae
1154 3289 1349 3360 intortionibus,
1364 3308 1394 3346 aa
1403 3293 1516 3363 propriis
1531 3295 1690 3364 facinoribus
1707 3299 1816 3353 eluserit
1830 3314 1841 3355 .·

194 3381 300 3456 insuper
326 3384 443 3457 inclytus
460 3386 522 3457 fidei
546 3385 703 3441 Christianae
727 3391 922 3458 propuquatar,
937 3392 961 3437 et
980 3384 1078 3455 scripto
1098 3390 1123 3436 et
1137 3396 1214 3454 opere
1234 3379 1352 3449 tilectus.
1369 3380 1480 3439 Teucro
1502 3385 1575 3456 apud
1594 3386 1719 3443 soeculum
1740 3389 1840 3446 clarum

190 3477 276 3533 sciunt
290 3493 392 3547 munes,
411 3479 463 3534 sive
481 3478 622 3533 notissimas
642 3475 786 3534 nobilitatis
799 3475 962 3549 proqeniem,
983 3473 1035 3529 sive
1056 3471 1274 3545 archiepiscopale
1296 3472 1367 3544 apud
1386 3472 1566 3531 salmantinae
1590 3477 1745 3549 eolleqinm,
1761 3483 1839 3553 enjus

190 3568 313 3625 clusinus
328 3570 401 3641 luisti
410 3612 418 3637 ,
428 3572 481 3625 sive
496 3570 626 3641 publicum
643 3568 802 3644 Vesperariev
813 3568 943 3624 cathedrae
953 3573 1111 3621 rectoratum
1120 3564 1341 3639 jurisprudentiae
1349 3565 1376 3619 in
1390 3566 1489 3638 inclqta
1501 3567 1550 3623 illa
1560 3570 1692 3626 academia
1706 3572 1840 3644 qloriose,

187 3677 230 3718 nte
258 3664 374 3730 vidente,
392 3664 537 3732 obtentum,
550 3663 582 3720 ob
602 3664 690 3718 oculos
709 3665 802 3735 serum.
825 3660 892 3717 lnde
910 3659 1014 3717 deditus
1030 3650 1136 3713 Christi
1145 3657 1209 3729 fidei
1219 3698 1226 3721 ,
1242 3656 1394 3711 militarium
1412 3658 1568 3730 reliqianum
1588 3661 1655 3715 alter
1677 3678 1692 3719 e
1710 3664 1842 3736 reqalibns

187 3755 289 3828 judex,
305 3758 332 3811 in
346 3756 405 3810 albo
418 3756 512 3812 nobilis
525 3756 673 3812 Alcantarev
686 3756 799 3829 equitum
814 3755 941 3827 ascriptus
955 3769 997 3821 cs,
1013 3760 1039 3807 et
1052 3751 1113 3823 fidei
1124 3751 1237 3823 supremi
1250 3749 1386 3805 tribunalis
1402 3757 1456 3805 tota
1470 3748 1603 3825 Hispania
1613 3770 1703 3810 censor
1717 3755 1812 3813 electus
1828 3773 1839 3813 .·

186 3862 220 3903 ac
238 3849 342 3904 tandem
363 3849 397 3903 ad
412 3848 535 3904 altissimi
548 3849 663 3904 cardinis
685 3849 795 3921 qloriam
815 3849 912 3902 nteritis
934 3843 1097 3918 eaiqentibns
1115 3843 1279 3910 sublevatus;
1296 3842 1363 3896 unae
1382 3850 1407 3897 et
1421 3842 1513 3909 verbo,
1529 3854 1554 3899 et
1572 3846 1670 3917 scripto
1684 3856 1753 3902 totus
1776 3850 1840 3919 hdei

158 3993 163 4000 ,
186 3938 304 4003 deditas,
316 3939 475 4007 Ecclesiam,
486 3955 654 4012 propuqnare
668 3939 770 4004 dicant,
785 3955 818 3993 an
831 3936 964 3992 illustrare
975 3935 987 3990 l
1000 3943 1139 4003 utrumqne
1150 3947 1255 4001 prorsus
1269 3931 1365 4002 efficere
1374 3946 1427 3985 non
1441 3946 1536 3989 cessar.
1548 3930 1661 3989 Debetur
1671 3936 1717 3990 tibi
1731 3938 1841 4007 proinde

196 4031 287 4088 llestri
301 4033 446 4089 Claronicon
461 4044 572 4107 utraque
585 4034 680 4102 titula;
694 4041 719 4089 et
732 4032 802 4105 quad
823 4030 943 4102 Hispano
964 4027 1115 4101 Hispanus,
1131 4036 1155 4082 et
1177 4025 1252 4081 docto
1274 4024 1365 4080 daenes
1383 4024 1521 4081 donandus
1534 4039 1589 4082 erat
1598 4044 1608 4095 ,·
1623 4037 1647 4083 ct
1667 4029 1803 4089 thesaurus
1816 4034 1841 4088 ci

185 4125 238 4186 soli
246 4165 254 4190 ,
266 4126 309 4196 qni
323 4125 435 4182 valorem
450 4127 608 4197 promeritis
622 4126 752 4182 aetimare
766 4123 870 4180 valebit.
884 4121 918 4176 Et
935 4124 999 4193 jure
1011 4119 1040 4174 id
1051 4120 1101 4175 sibi
1113 4118 1209 4175 Denter
1223 4117 1388 4185 vindicabat,
1404 4119 1515 4191 quiJam
1528 4119 1591 4176 olim
1606 4121 1637 4178 S.
1652 4121 1686 4178 ll.
1700 4121 1735 4178 Ε.
1751 4126 1838 4181 cardi·

186 4214 244 4272 nali
264 4219 411 4288 presbytero
427 4234 491 4290 opus
512 4218 671 4273 consecravit
693 4232 784 4281 suum,
807 4215 903 4280 idest,
919 4211 1092 4283 Hieronymo.
1112 4207 1180 4263 Hihi
1199 4224 1258 4263 nero
1279 4207 1341 4262 darn
1361 4208 1447 4278 iprum
1470 4206 1669 4267 Commentariis
1689 4229 1761 4270 novoe
1783 4214 1838 4271 luci

185 4306 331 4374 redditum,
346 4309 393 4362 tibi
407 4309 437 4365 S.
451 4309 484 4364 ll.
498 4307 532 4363 Ε.
550 4309 646 4379 pariter
659 4308 789 4363 cardinali
802 4307 949 4377 presbytero
962 4304 1056 4358 iterum
1069 4316 1208 4369 consecro,
1222 4300 1290 4354 illud
1302 4301 1483 4356 verecundiam
1500 4303 1593 4375 inqerit
1607 4319 1745 4379 maqnam,
1765 4310 1836 4379 quad

163 4461 167 4466 ,
184 4399 218 4454 ab
227 4411 335 4470 utraque
349 4402 425 4471 lonqo
437 4399 574 4455 intervalla
584 4415 624 4455 me
632 4400 728 4454 distare
742 4397 899 4469 conspiciant
911 4411 921 4451 s
931 4402 954 4450 at
966 4395 1024 4449 ideo
1033 4395 1118 4448 ntinus
1130 4401 1218 4465 aptum
1231 4436 1238 4461 ,
1252 4401 1281 4446 ut
1295 4391 1419 4448 Dextrum
1431 4395 1513 4450 virum
1524 4412 1646 4469 maqnum
1656 4396 1836 4471 Haqnitudini

184 4493 237 4543 tua
249 4490 407 4561 eonjanqam
421 4504 430 4543 .·
444 4502 581 4559 vereorque
598 4506 629 4545 ne
644 4504 737 4543 munus
752 4488 838 4542 minus
853 4493 957 4557 qratmn
975 4486 1024 4553 sit,
1043 4483 1113 4557 quod
1128 4483 1160 4537 ab
1184 4481 1292 4553 indiqno
1313 4482 1437 4538 oblatum.
1458 4483 1575 4543 Proluit
1597 4487 1767 4547 nihilominus
1788 4501 1835 4550 tua

186 4578 329 4650 beniqnitas
347 4597 456 4648 aasum,·
476 4595 523 4635 nec
538 4579 567 4634 id
579 4581 728 4646 insolitum,
744 4596 801 4635 cvtn
820 4588 915 4633 natura
934 4579 991 4651 ipsa
1005 4593 1101 4651 ruaqna
1119 4590 1229 4647 corpora
1246 4575 1385 4631 insectibili
1402 4579 1545 4643 quantitate
1563 4585 1719 4654 conjunqat,
1741 4582 1831 4656 idest,

184 4670 338 4726 indivisibili
350 4671 489 4740 superficie
502 4687 511 4725 :
526 4671 628 4743 qualern
643 4687 690 4743 eqo
709 4671 812 4743 judico,
823 4670 1035 4739 qualemcumque
1053 4668 1082 4723 in
1096 4666 1251 4723 elucidando
1266 4666 1362 4723 lteatro
1376 4666 1492 4723 lahorem
1508 4673 1635 4746 insumpsi
1644 4691 1655 4739 ;
1667 4690 1743 4744 quem
1763 4693 1833 4731 nnnc

183 4759 231 4815 tub
255 4759 346 4815 Dentri
357 4760 439 4833 ipsius
453 4760 544 4815 umbra
557 4761 602 4815 tibi
615 4758 712 4828 allero,
723 4762 766 4831 qui
789 4762 865 4832 quasi
879 4760 1055 4831 defensorem,
1070 4767 1095 4813 et
1110 4765 1277 4826 protectorem
1301 4759 1325 4811 ei
1343 4774 1478 4828 quarens,
1499 4760 1535 4813 ad
1547 4762 1623 4833 pedes
1637 4773 1694 4818 tuos
1709 4767 1830 4826 accedere

183 4851 281 4908 veritus
294 4868 345 4907 non
360 4868 417 4906 sum
432 4869 442 4907 .·
456 4860 544 4922 utpote
557 4852 585 4906 in
604 4868 655 4921 qna
667 4860 692 4906 et
707 4852 798 4905 turrim
812 4852 970 4923 defensionis
983 4856 1075 4906 eorvtra
1095 4851 1190 4921 {laetus
1204 4848 1430 4916 adversariorum,
1444 4867 1521 4923 qnam
1535 4853 1561 4907 in
1579 4858 1659 4911 armis
1673 4867 1773 4928 pertas,
1788 4862 1828 4918 in·

185 4941 276 5007 renio;
290 4949 313 4994 et
329 4941 405 4996 lunas
415 4941 583 4996 circumcirca
597 4939 720 4995 ordinata
734 4939 789 4993 acie
802 4938 969 5008 dimicantes;
984 4938 1060 5011 quasi
1069 4939 1102 4994 de
1114 4941 1151 4995 eis
1161 4939 1260 4994 dictum
1270 4941 1366 5011 suerit:
1377 4939 1470 4997 Stellas
1484 4942 1520 4999 da
1532 4944 1603 5001 caelo
1615 4946 1642 5002 itt
1654 4948 1751 5007 ordina
1761 4965 1827 5023 sno,

184 5030 317 5088 aduersum
343 5030 463 5087 sisaram
488 5030 789 5102 dimicabantllud.r‚
813 5030 871 5103 uu).
893 5031 949 5099 Qua
973 5033 1032 5089 loco
1054 5031 1122 5088 illud
1143 5030 1250 5090 Seneca
1274 5049 1322 5104 pro
1347 5036 1540 5107 opportunitate
1562 5039 1626 5094 mihi
1648 5058 1765 5115 usurpo,
1792 5050 1828 5104 ad

184 5123 318 5181 Lucillum
331 5125 464 5180 scribentis
478 5141 487 5179 .·
502 5124 636 5180 Cuternm
659 5124 731 5197 qrrad
744 5125 962 5182 Commentarios
981 5140 1059 5181 meos
1074 5125 1121 5181 tibi
1142 5125 1214 5181 mitti
1228 5126 1380 5197 permittis,
1398 5127 1576 5200 inndalqentiae
1590 5132 1648 5189 saio
1662 5134 1734 5194 istud
1749 5152 1827 5210 esse,

186 5233 243 5276 nott
257 5217 353 5289 judicii
369 5235 377 5272 z
391 5225 419 5274 et
430 5217 452 5273 si
468 5217 550 5274 modo
562 5218 656 5288 judicii
678 5227 736 5285 est,
750 5218 915 5291 induigentia
932 5215 981 5299 tihi
994 5218 1133 5290 imposuit.
1148 5217 1203 5275 Sed
1224 5219 1437 5292 qualescumque
1452 5231 1531 5296 sunt,
1548 5231 1576 5279 tn
1590 5225 1653 5283 illos
1667 5230 1707 5287 sic
1720 5232 1825 5304 leqita,

183 5320 322 5383 umquam
339 5324 434 5366 rerum
446 5325 567 5380 quarum
583 5310 689 5375 adhunc,
704 5325 759 5367 nan
775 5314 875 5379 seiam,
891 5318 918 5368 et
932 5311 1130 5369 rantnmsciter
1143 5326 1275 5382 quaerunt.
1292 5313 1350 5371 Non
1366 5315 1440 5372 enim
1456 5332 1500 5373 nne
1513 5318 1639 5390 cuiqnam
1655 5326 1805 5398 mancipari
1819 5373 1827 5398 ,

186 5404 288 5464 nultius
305 5418 403 5459 nomen
425 5404 498 5476 lero,
514 5404 661 5460 multarum
682 5419 841 5476 magnorum
860 5405 964 5476 judicio
983 5404 1068 5462 creda
1091 5422 1097 5459 :
1119 5406 1220 5477 aliquid
1236 5416 1263 5463 et
1278 5423 1339 5465 meo
1351 5410 1470 5468 vindico.
1485 5412 1551 5468 Nam
1577 5414 1616 5471 illi
1638 5433 1749 5492 quoqne
1772 5440 1826 5481 ιιοῃ

184 5497 294 5556 inventu
311 5497 380 5564 ,sed
394 5497 541 5568 qrrmrenda
554 5498 632 5554 nohis
645 5498 816 5571 reliquerant
830 5498 934 5572 (Senes.
948 5498 1023 5572 epist.
1038 5495 1100 5571 lb).
1120 5497 1205 5566 Vale,
1227 5497 1354 5574 Princeps
1367 5501 1559 5563 lllnvtrissirne.
1572 5506 1666 5567 homa
1683 5529 1716 5570 ea
1728 5516 1829 5573 cedibus

180 5588 215 5649 S.
231 5588 372 5655 Bernardi,
388 5588 421 5645 hl
439 5590 597 5662 Septembris
614 5592 677 5645 anni
690 5589 770 5647 tout.
1757 5615 1760 5622 ’

209 5751 225 5784 ⁸
242 5749 384 5826 Garamans
409 5751 541 5826 a'ltirsrto
555 5751 603 5803 snb
625 5751 712 5805 Dextri
727 5752 827 5805 aomina
844 5751 998 5818 anutqntntn,
1019 5753 1146 5821 spartana
1162 5768 1212 5810 aas
1228 5769 1289 5812 roca
1310 5764 1417 5825 srqnnnt
1437 5764 1527 5813 rutra
1548 5762 1629 5815 statis
1645 5762 1829 5839 hitrltoqrapht,

177 5811 286 5873 lcsultae
298 5816 395 5865 canaam
408 5828 449 5864 sn
459 5815 542 5865 saecnln
554 5816 613 5867 titud
625 5815 805 5870 adscribentes.
1542 5824 1612 5877 Ean.

361 5894 500 5961 Purroa·
521 5895 642 5961 xxxt.
1530 5908 1547 5972 1

127 6024 251 6208 ,pt
