4192 6434
444 392 554 458 ἥδ

1500 395 1974 461 tttsTomthllt
2012 397 2220 459 unt-:n
2256 397 2300 457 Ι.
2342 398 2495 458 CAP.
2537 398 2658 458 XV.

444 511 557 586 05
581 509 841 569 ultionem
866 523 1131 570 caesorum
1159 511 1479 586 conjugum,
1503 514 1857 573 finitimorum
1882 518 2034 574 exci-
2063 520 2116 581 Α
2144 517 2187 550 ¹·
2239 515 2373 587 ipsae
2427 515 2707 587 Ephesum
2742 554 2758 582 ,
2813 513 3059 587 aliasque
3110 513 3277 575 urbes
3327 516 3744 592 condidissent,

446 605 540 664 dio
560 617 989 680 consequuntur.
1024 609 1046 641 ⁸
1072 609 1226 666 Tunc
1249 623 1383 679 pace
1410 609 1577 665 armis
1595 610 1847 681 quaesita,
1866 621 2046 666 exter·

446 717 549 758 nos
576 702 896 759 concubitus
927 703 1137 771 ineunt,
1181 703 1362 760 editos
1388 717 1569 759 mares
1616 717 1741 758 mox
1793 711 2041 769 enecant,

446 790 674 849 feminas
699 791 943 850 studiose
972 794 1236 860 nutriunt,
1266 795 1287 827 '¹
1315 794 1508 850 inustis
1538 793 1823 849 infantium
1858 794 2046 851 dexte-

443 883 683 941 rioribus
709 884 982 952 mamillis,
1012 889 1036 919 ⁸⁸
1055 900 1125 941 ne
1143 885 1461 957 sagittarum
1485 884 1668 956 jactus
1706 886 2041 956 impediren-

445 986 558 1047 tur,
577 978 720 1035 unde
741 978 1044 1035 Amazones
1067 978 1248 1036 dictas.
1276 979 1476 1035 Harum
1496 978 1620 1035 duae
1641 978 1795 1035 suere
1816 977 2039 1051 regina»,

445 1072 469 1105 ⁸
494 1070 759 1141 Marpesia
804 1081 860 1126 et
901 1069 1187 1141 lampeto,
1226 1084 1349 1140 quae
1375 1070 1592 1142 agmine
1619 1069 1800 1126 diviso
1821 1071 1878 1126 in
1907 1069 2042 1128 duas

440 1172 650 1234 partes,
682 1161 917 1219 vicissim
956 1178 1143 1219 curam
1173 1163 1299 1219 belli
1323 1171 1379 1220 et
1418 1163 1615 1220 domus
1654 1162 1956 1220 custodiam
1999 1165 2041 1197 ¹⁰

437 1256 833 1314 sortiebantur.
855 1257 1023 1327 igitur
1047 1272 1173 1313 cum
1198 1257 1239 1289 ¹¹
1263 1256 1494 1328 Europae
1517 1253 1805 1311 maximam
1829 1266 2040 1327 partem

442 1349 801 1418 domuissent,
833 1350 981 1408 Asioe
1003 1366 1138 1409 vero
1164 1350 1457 1424 aliquantis
1484 1348 1799 1408 civitatibus
1842 1351 2038 1422 captis,

2148 609 2473 681 praecipuam
2512 609 2784 666 exercitus
2823 610 2909 666 sui
2956 617 3170 681 partem
3208 620 3463 668 onustam
3516 614 3747 683 opulen-

2147 706 2352 762 tissima
2396 704 2579 776 praeda
2606 745 2621 771 ,
2663 704 2885 761 domum
2923 714 3221 762 revocant:
3264 706 3308 739 ¹⁸
3357 705 3625 777 reliqua,
3675 708 3747 763 ad

2146 796 2401 856 tuendum
2466 797 2610 854 Asiae
2664 796 2952 869 imperium
3025 800 3230 855 relictae
3294 814 3417 856 cum
3473 800 3742 872 Marpesia

2144 890 2353 961 regina,
2399 904 2668 946 concursu
2708 890 2948 946 hostium
2980 890 3345 948 trucidantur.
3376 891 3422 925 ¹⁸
3454 893 3626 964 liujus
3662 896 3746 951 lo-

2146 996 2268 1038 cum
2310 982 2546 1052 capessit
2583 982 2695 1054 08
2736 980 2782 1015 ¹⁸
2826 980 3030 1050 Sinope
3077 980 3207 1050 iilia,
3250 995 3374 1053 qnae
3413 983 3745 1055 singutarem

2143 1073 2363 1129 virtutis
2391 1072 2619 1144 gloriam
2647 1082 2906 1144 perpetua
2936 1072 3246 1143 virginitate
3273 1074 3590 1130 cumulavit.
3630 1075 3744 1131 liae

2142 1165 2283 1223 lama
2331 1167 2377 1199 ⁸⁸
2416 1167 2621 1222 excitas
2667 1175 2859 1238 gentes
2904 1175 3050 1222 tanta
3096 1165 3388 1221 admiratio
3415 1176 3472 1223 et
3510 1167 3746 1225 formido

2140 1256 2436 1320 invaserat.
2470 1257 2514 1290 ¹⁷
2540 1265 2601 1312 ut
2630 1257 2890 1314 llereuies
2916 1270 3155 1328 quoque,
3176 1271 3299 1312 cum
3321 1256 3510 1327 jussus
3551 1258 3746 1316 suisset

2143 1367 2174 1409 a
2217 1351 2439 1408 domino
2485 1365 2586 1408 suo
2634 1353 2679 1385 ¹⁸
2721 1351 2984 1409 exhibet-c
3028 1362 3176 1406 arma
3197 1352 3436 1422 reginae,
3477 1353 3630 1423 quasi
3673 1352 3748 1410 ad

1731 1443 1866 1499 HAV
1879 1442 2186 1501 ERCAMPI
2224 1445 2457 1504 No'rAE.

444 1543 507 1591 ut
547 1549 668 1605 quae
713 1534 826 1608 jam
869 1534 1216 1601 didicissent,
1261 1534 1581 1593 maritorum
1628 1549 1851 1591 suorum
1883 1549 2039 1602 nece,

442 1608 765 1678 sangninem
800 1606 1049 1673 sundere,
1090 1607 1240 1663 viros
1268 1605 1562 1678 trucidare,
1591 1620 1820 1680 quaeque
1844 1619 2039 1662 sexum

440 1675 731 1735 fortiorem
756 1677 1040 1747 decerent,
1064 1677 1245 1733 iacere
1266 1686 1323 1732 et
1344 1678 1476 1749 pati.
1797 1719 1806 1727 .

461 1767 468 1771 ·
513 1749 567 1803 6.
605 1746 750 1804 Tunc
778 1766 905 1821 pace
930 1766 962 1802 a
988 1766 1040 1818 q.
1072 1746 1246 1819 Lngd.
1279 1747 1398 1804 But.
1431 1758 1633 1871 Quart„
1664 1745 1813 1802 Tunc
1861 1762 2041 1819 pacem

438 1819 599 1874 armis
619 1827 876 1886 quoerunt.
910 1819 1016 1875 Pro
1044 1825 1277 1874 enecant.
1314 1817 1401 1873 ed.
1475 1828 1663 1875 etustae
1691 1828 1890 1872 necant.

513 1891 568 1944 7.
622 1887 826 1945 Inustis
870 1890 1147 1959 infantium
1199 1890 1575 1945 dexterioribus
1624 1888 1889 1944 matitinis.
1941 1888 2038 1944 Sic

441 1959 715 2015 Diodorus
741 1961 832 2017 lib.
864 1977 902 2015 tt
929 1961 1139 2028 scribit,
1166 1963 1490 2026 Amazonas,
1521 1968 1622 2017 τῶν
1645 1960 1926 2036 θηλυτέρων
1950 1959 2036 2017 τὸν

436 2030 600 2096 δεξιὸν
637 2034 800 2105 μαζὸν
847 2031 1106 2097 ἐπικαίειν,
1149 2031 1236 2087 ἶνα
1277 2036 1348 2103 μή
1397 2033 1530 2087 κατὰ
1575 2032 1671 2092 τὰς
1711 2032 1894 2104 μάχας
1939 2038 2040 2087 τῶν

433 2103 700 2171 σωμάτων
742 2102 1081 2178 ἕκαιρόμενος
1125 2099 1331 2189 ἐνοχλῇ·
1372 2102 1453 2174 ἀφ’
1493 2099 1552 2162 ἦς
1584 2103 1752 2164 αἰτίας
1778 2100 2040 2172 σνμόἤναι

432 2173 495 2229 τὸ
522 2170 661 2234 ἔθνος
687 2180 788 2230 τῶν
810 2172 1094 2245 ’Δμαζόνων
1119 2193 1314 2233 ταυτης
1337 2178 1527 2245 τυχεῖν
1550 2182 1642 2233 τῆς
1663 2175 2038 2249 προσηγορίας.

435 2240 551 2297 Huc
576 2252 681 2306 est,
723 2241 1020 2316 Virqinibus
1049 2242 1287 2297 dextram
1319 2258 1596 2296 mammam
1631 2244 1856 2310 inurere,
1887 2261 1949 2297 ne
1984 2260 2038 2296 in

435 2312 632 2382 proeliis
661 2323 860 2369 tumore
886 2329 983 2368 sno
1013 2314 1243 2386 eorporis
1273 2311 1558 2387 agilitatem
1579 2311 1844 2385 impediat,
1879 2328 2041 2381 eaque

433 2383 501 2439 de
523 2400 684 2510 qansFa
711 2384 927 2455 sactum,
959 2394 1016 2439 ιιι
1046 2384 1370 2439 Amazonum
1397 2400 1521 2456 qens
1547 2382 1645 2439 hcc
1674 2399 1857 2440 nomen
1895 2384 2037 2439 inve·

440 2466 598 2509 sterit.
677 2472 798 2511 ann.

505 2523 560 2583 8.
594 2525 678 2581 Ne
707 2526 1012 2597 saqittarum
1032 2528 1210 2600 jactus
1239 2525 1631 2598 impedirentur.
1664 2523 1763 2581 Ed.
1800 2525 1959 2595 prin..
1984 2535 2039 2583 et

435 2604 548 2652 tres
577 2610 707 2652 mss,
740 2595 910 2666 Lugd.
946 2599 1111 2664 Batt„
1132 2599 1302 2670 jactu.
1335 2596 1486 2653 Unus
1522 2610 1647 2653 cum
1689 2594 1832 2653 Uitr.
1879 2598 2035 2651 ictus.

431 2665 635 2723 Verum
660 2667 751 2723 hie
776 2669 1083 2739 supinarum
1095 2671 1274 2739 jactus
1296 2666 1511 2724 videtur
1534 2682 1660 2723 esse
1686 2670 1884 2723 rectius
1911 2684 2035 2722 cum

433 2746 619 2794 servet
661 2740 800 2794 idem
848 2739 1092 2794 lustinus
1138 2737 1235 2793 lib.
1284 2754 1344 2803 ιι,
1385 2754 1504 2823 cap.
1533 2739 1591 2805 t,
1622 2737 1780 2794 Oros.
1815 2738 1908 2794 Ιὼ.
1940 2754 2032 2807 vu,

432 2823 558 2879 cap.
591 2809 682 2874 56,
712 2809 850 2864 ultra
882 2826 1175 2863 mensnram
1205 2811 1418 2864 humani
1439 2818 1638 2881 jactus.
1672 2807 1792 2864 Mox
1825 2809 1914 2866 ed.
1947 2826 2032 2881 pr.

435 2879 577 2934 unde
604 2889 651 2932 et
678 2881 962 2935 Amazones
987 2882 1157 2936 dictae.

507 2951 564 3006 9.
591 2949 855 3019 Marpesia
884 2960 929 3005 et
956 2950 1226 3023 Lampeto.
1259 2952 1333 3008 ita
1366 2950 1486 3006 sine
1527 2949 1633 3005 ulla
1677 2951 1938 3006 varietate
1978 2950 2032 3006 itt

436 3022 641 3077 nostris
687 3022 1071 3093 manuscriptis
1111 3022 1264 3077 lihris
1308 3022 1486 3079 Orosii
1532 3032 1586 3078 et
1612 3020 1809 3075 Justini
1842 3022 2033 3077 harum

434 3097 742 3164 reginarum
770 3095 983 3148 nomina
1017 3093 1286 3164 descripta
1320 3094 1594 3161 leguntur,
1626 3106 1731 3146 non
1755 3101 1811 3147 ut
1837 3092 1891 3147 in
1918 3093 2032 3147 vul·

431 3167 593 3234 gatis.
629 3163 914 3218 Mai-thesin
935 3174 983 3219 et
1012 3162 1296 3234 Lampedo.
1331 3164 1494 3219 Fasti.

509 3237 597 3291 lO.
631 3234 1010 3289 sortiebantur.
1039 3234 1213 3303 Lugd.
1249 3236 1364 3291 Bat.
1394 3242 1597 3301 quart.,
1627 3231 1922 3286 tuebantur.

507 3306 593 3363 ss.
630 3304 890 3373 Europam
918 3307 1199 3360 maximam
1227 3318 1427 3379 partem
1450 3304 1786 3358 domuissent.
1813 3302 1904 3357 Sic
1926 3303 2032 3359 Co-

436 3376 550 3432 Ιοιι.
586 3375 794 3431 Latine.
823 3377 1049 3442 Quidam
1082 3376 1171 3432 hic
1211 3379 1437 3430 maxima
1479 3388 1542 3429 ex
1586 3382 1733 3444 parte
1774 3375 2025 3444 legerunt,

435 3447 608 3503 Lau-r.
639 3477 710 3486 -
731 3447 799 3502 At
832 3446 1178 3503 Florentinus
1205 3460 1436 3515 uterque
1461 3458 1582 3499 cnm
1608 3444 1881 3512 perizon„
1916 3462 2029 3499 ma·

431 3518 577 3573 :rima
597 3528 762 3590 parte,
797 3518 896 3574 Ed.
926 3522 1064 3589 Aug.
1097 3516 1326 3589 Europae
1354 3517 1635 3572 maximam
1661 3526 1856 3586 partem
1885 3516 2028 3587 quod

433 3605 465 3644 e
504 3604 540 3642 o
590 3591 798 3644 instuli.

466 3605 599 3715 gffl'.
629 3659 768 3730 lpsoe
790 3658 1054 3728 Ephesum
1073 3660 1305 3731 aliasque
1336 3659 1505 3712 nrbes.
1534 3656 1613 3712 Ab
1639 3656 2027 3723 Amazonibus,

432 3743 658 3786 auctore
685 3733 867 3785 Strab.
905 3732 998 3786 lib.
1029 3732 1088 3786 11
1118 3730 1365 3785 conditas
1391 3739 1448 3783 et
1472 3727 1885 3795 cognominatas
1914 3728 2030 3784 i'ue·

436 3814 585 3868 runt,
637 3802 915 3872 Ephesum,
963 3803 1262 3872 Smyrnam,
1313 3798 1639 3870 Myrrhinam
1691 3806 1738 3851 et
1790 3796 2029 3864 Paphon.

438 3874 686 3927 Mettiinit
714 3872 1033 3926 Eustathins
1062 3887 1278 3941 quoque
1307 3875 1359 3926 in
1395 3870 1734 3941 Dionysium.
1765 3868 1932 3924 Fun.
1961 3897 2032 3909 -·

435 3941 579 4015 Ipsoe
635 3953 805 3999 antem
858 3944 1113 4015 Ephesum
1174 3944 1358 4014 legunt.
1408 3941 1580 4009 Lugd.
1640 3941 1780 3995 Batt.
1842 3954 2032 3994 omnes

438 4015 592 4070 licus
634 4030 723 4070 ue.

511 4032 698 4143 ¹5.qll·
716 4082 874 4156 liqna:
893 4085 962 4138 ad
989 4085 1256 4141 tuendum.
1281 4082 1411 4139 Mss.
1444 4080 1616 4152 Lugd.
1643 4079 1786 4138 Batt.
1822 4087 1932 4135 tres
1960 4080 2031 4135 ita

436 4156 773 4226 exprimunt,
801 4158 1000 4226 ret‘qna
1029 4156 1098 4211 ad
1126 4156 1371 4211 tuendum
1402 4154 1537 4209 Asia:
1559 4153 1826 4220 imperinm
1855 4152 2034 4206 relicta

436 4244 556 4281 cum
587 4226 666 4281 M.
698 4244 744 4281 r.
777 4244 825 4281 c.
850 4230 903 4283 h.
936 4228 1242 4282 trucidatur.
1286 4224 1569 4296 Vulgatam
1597 4222 1838 4280 defendit
1862 4221 2031 4280 lusti·

435 4312 565 4354 nus.
598 4299 702 4353 Pro
728 4299 1001 4370 imperinm
1032 4299 1206 4355 Periz.
1235 4297 1398 4353 habet
1417 4311 1653 4369 regnum.

513 4368 602 4426 ss.
657 4368 838 4443 Hujus
884 4370 1053 4423 locum
1097 4370 1313 4441 capessit
1364 4366 1605 4438 orithya.
1655 4365 1745 4423 Sic
1790 4364 2036 4421 Iustinus

434 4441 654 4509 scribit,
696 4441 751 4496 in
803 4440 982 4497 locum
1030 4440 1312 4509 Marpesiae
1358 4438 1527 4493 tiliam
1568 4439 1688 4509 ejus
1731 4437 2033 4507 Orithyiam

437 4527 611 4581 regno
651 4512 1006 4568 successisse.
1057 4511 1158 4567 llic
1201 4509 1462 4565 tamenin
1489 4508 1717 4566 vetustis
1744 4507 1898 4564 libris
1927 4516 2032 4575 est,

439 4579 618 4655 Htu'us
663 4582 834 4638 locum
872 4581 1072 4654 Sinope
1117 4578 1230 4652 filia
1271 4580 1512 4651 capessit.
1552 4578 1722 4636 Fann.
1763 4609 1835 4619 —
1860 4576 2034 4650 Lugd.

433 4651 559 4710 ΒΜ.
593 4663 746 4719 tert„
772 4654 923 4725 cujus
943 4652 1136 4709 locam.

2144 1535 2270 1609 thya
2295 1535 2529 1607 legatur,
2556 1547 2720 1609 atque
2746 1551 2817 1594 ex
2847 1551 2914 1593 co
2942 1538 2996 1594 id
3022 1552 3220 1595 nomen
3249 1538 3303 1595 in
3347 1537 3546 1595 Orosio
3586 1551 3747 1608 repo·

2144 1608 2354 1663 suerint
2401 1609 2662 1676 editores,
2711 1624 2835 1665 nam
2882 1618 2940 1666 et
2988 1611 3043 1665 in
3098 1610 3313 1667 ,lustino
3361 1624 3577 1681 quoque
3610 1610 3740 1666 olim

2146 1677 2280 1734 Sino
2318 1696 2344 1734 e
2373 1682 2633 1751 scriptum
2664 1681 2827 1735 tuisse
2857 1696 3005 1752 reor,
3032 1681 3176 1737 unde
3204 1681 3257 1738 in
3288 1696 3389 1736 ms.
3421 1696 3521 1736 suo
3569 1689 3741 1735 testa-

2145 1755 2232 1803 tur
2309 1750 2486 1804 ossius·
2508 1750 2856 1818 superscribi,
2886 1750 3173 1821 legendum
3196 1766 3323 1807 esse
3353 1750 3569 1824 Sinope.
3597 1750 3744 1806 Prae-

2143 1827 2290 1874 terea
2323 1820 2528 1874 duabus
2574 1823 2641 1874 ‹le
2686 1822 2866 1875 causis
2911 1824 3096 1891 reponi
3146 1820 3251 1876 hoc
3295 1822 3497 1877 debere
3541 1836 3743 1877 nomen

2137 1889 2347 1955 judico,
2391 1891 2515 1959 quia
2556 1891 2764 1946 scilieet
2808 1900 2863 1944 et
2908 1891 3023 1960 ipsa
3073 1893 3274 1961 Sinope
3304 1893 3482 1963 magni
3510 1892 3746 1947 nominis

2066 1947 2116 2009 B
2144 1957 2245 2015 suit
2275 1961 2534 2028 Amazon,
2567 1976 2597 2015 a
2628 1976 2731 2031 qua
2761 1960 2989 2032 Sinope,
3033 1962 3194 2018 Ponti
3247 1965 3396 2026 urbS,
3452 1977 3646 2018 nomen
3689 1972 3745 2017 et

2141 2030 2407 2101 originem
2441 2033 2626 2094 traxit,
2660 2042 2718 2086 ut
2743 2041 2891 2100 patet
2920 2047 2985 2087 cx
3017 2032 3263 2088 adductis
3292 2047 3320 2086 a
3359 2031 3550 2089 vossio
3592 2036 3747 2088 testi-

2142 2102 2364 2171 moniis,
2394 2109 2451 2157 et
2477 2105 2600 2171 quia
2634 2103 2879 2159 Justiuus
2907 2115 2957 2161 et
2990 2103 3216 2159 Orosius
3238 2120 3304 2159 eo
3341 2113 3607 2173 tempore,
3634 2117 3743 2174 quo

2137 2172 2400 2230 Hercules
2441 2173 2847 2243 expeditionem
2877 2175 2931 2230 in
2962 2174 3265 2231 Amazonas
3294 2174 3547 2247 sumpsit,
3598 2189 3744 2241 prze-

2141 2241 2308 2299 ruisse
2339 2242 2527 2299 iisdem
2556 2243 2692 2299 duas
2719 2244 2939 2300 tradunt
2967 2259 3207 2312 sorores,
3238 2245 3510 2314 Antiopen
3552 2244 3743 2300 videli-

2139 2322 2226 2369 cet
2249 2323 2305 2369 et
2329 2313 2614 2387 Orithyan,
2641 2316 2743 2368 hoc
2768 2329 2899 2370 vero
2930 2318 2982 2369 in
3017 2316 3162 2378 loco,
3191 2329 3296 2370 non
3324 2316 3459 2370 duas
3490 2315 3611 2370 sive
3650 2329 3740 2371 so-

2142 2398 2314 2455 roreS,
2361 2384 2478 2440 sive
2528 2385 2667 2440 silias
2713 2384 2765 2438 in
2814 2399 3038 2455 regnum
3092 2385 3423 2441 successisse
3461 2385 3741 2454 Marpesiae

2142 2460 2299 2511 matri
2332 2456 2594 2521 set-ibant,
2625 2454 2720 2510 sed
2743 2471 2907 2511 unam
2949 2470 3180 2526 eamque
3225 2454 3507 2524 marpesiae
3548 2456 3739 2522 tiliam,

2141 2541 2262 2598 quae
2282 2527 2485 2594 Sinope
2509 2525 2778 2596 appellata
2804 2526 2960 2582 nobis
2984 2524 3154 2582 fuisse
3180 2524 3414 2582 videtur.

2175 2669 2188 2681 ·
2215 2598 2300 2654 16.
2337 2595 2571 2652 Επὶιαε.
2599 2594 2750 2651 Flor.
2786 2608 3010 2669 uterque
3047 2606 3103 2653 et
3127 2607 3239 2654 tres
3265 2596 3437 2668 Lugd.
3468 2596 3610 2651 Rati.
3644 2609 3739 2651 ex-

2140 2679 2344 2724 citatas.

2213 2739 2301 2796 t7.
2338 2738 2407 2795 Ut
2442 2737 2692 2795 Hercules
2720 2756 2920 2812 quoque
2948 2757 3065 2795 enm
3115 2743 3299 2806 'ussus,
3340 2745 3447 2793 cte.
3490 2737 3741 2794 Herculis

2140 2808 2388 2866 dominus
2418 2810 2514 2865 suit
2544 2808 2891 2884 Eurystheus,
2935 2812 3025 2879 qui
3070 2810 3147 2866 iii
3187 2809 3472 2865 duodecim
3519 2808 3738 2865 labores

2137 2880 2495 2936 exantlandos
2528 2882 2882 2952 praescripsit.
2914 2882 3070 2937 Hunc
3111 2889 3292 2935 autem
3323 2879 3565 2935 lahorem
3613 2879 3739 2934 Dio-

2136 2952 2303 3008 dorus
2329 2953 2421 3006 tib.
2453 2967 2506 3006 tv
2532 2968 2811 3023 exponens
2836 2954 2909 3007 ait
2934 2973 2946 3007 :
2973 2954 3213 3031 Ἡρακλῆς
3238 2951 3292 3009 δέ
3316 2953 3487 3008 λαθὼν
3511 2952 3739 3028 πρόστα-

2135 3046 2240 3095 γμα
2263 3025 2321 3080 τὸ
2345 3022 2652 3085 Ἱππολύτης
2681 3026 2765 3081 τὸν
2789 3027 3062 3095 Ἀμαζόνος
3091 3027 3305 3096 ἐνεγκεῖν
3351 3028 3614 3096 ζωστῆρα.
3651 3022 3737 3079 τὸν

2135 3091 2641 3164 ἐπὶτάςᾌμνζόνας
2686 3098 2960 3169 στρατείαν
3006 3098 3302 3153 ἐποιήσατο.
3355 3093 3409 3146 ld
3455 3103 3556 3155 est,
3607 3093 3738 3145 Cttm

2142 3164 2357 3219 Herculi
2394 3164 2695 3217 inundatum
2727 3171 2881 3229 asset,
2910 3173 2964 3217 ut
2990 3163 3290 3233 Hippolyta?
3319 3162 3594 3215 Amazonis
3623 3163 3734 3214 cin·

2136 3236 2314 3306 quium
2339 3232 2567 3300 afferret,
2599 3232 2974 3305 expeditionem
3011 3241 3193 3287 contra
3236 3233 3525 3284 Amazonas
3564 3247 3739 3285 susce-

2139 3307 2235 3373 pit.
2282 3304 2467 3372 ltaque
2514 3303 2737 3359 Orosius
2786 3319 2879 3371 pet·
2921 3320 3067 3357 arma
3109 3302 3379 3372 intelligit,
3432 3301 3737 3362 Ἱππολύτης

2137 3380 2382 3451 ζωστῆρα
2401 3376 2697 3439 παναίολον,
2716 3385 2774 3430 ut
2796 3375 3113 3442 Apollonius
3137 3373 3231 3427 lib.
3259 3388 3294 3427 tt
3324 3373 3528 3440 Argon.
3551 3382 3732 3428 vomit.

2136 3448 2278 3515 Lege
2295 3446 2455 3501 etiam
2475 3445 2845 3501 doctissimum
2867 3444 3325 3502 commentarium
3347 3443 3499 3500 isacii
3520 3443 3737 3499 Tzetzar

2134 3517 2190 3574 in
2221 3516 2598 3588 Lycophronis
2622 3516 3009 3571 Cassandram.
3044 3516 3210 3572 Fnsa.

2208 3590 2296 3644 18.
2333 3587 2587 3642 Exhibere
2612 3603 2757 3642 arma
2792 3589 3007 3659 reyinae.
3038 3588 3201 3643 Arma
3234 3588 3567 3643 Amazonum
3607 3593 3738 3641 sunt

2134 3660 2277 3730 pelta
2315 3669 2369 3713 et
2409 3659 2672 3726 bipennis.
2702 3658 2960 3726 Bipennis
2989 3674 3148 3728 quam
3176 3659 3373 3729 reginae
3396 3662 3732 3712 Amazonum

2135 3730 2328 3793 eripuit
2367 3728 2645 3793 liet-eules,
2676 3741 2736 3783 ut
2765 3744 2925 3797 quam
2952 3727 3214 3795 Omphale
3245 3729 3314 3782 ah
3349 3728 3544 3781 eodem
3587 3727 3733 3781 dono

2135 3801 2425 3865 acceperit,
2442 3815 2666 3868 qua-quo.
2684 3798 2748 3852 ad
2769 3798 3041 3868 Lydorum
3059 3807 3242 3865 postea
3264 3797 3536 3851 transierit
3553 3811 3733 3864 reges,

2136 3871 2461 3938 tandemque
2483 3871 2533 3921 in
2551 3868 2706 3923 Caria
2731 3869 2783 3923 in
2807 3878 3055 3922 ornatum
3076 3867 3223 3922 Jovis
3241 3865 3600 3921 Labradensis
3617 3880 3740 3919 ces-

2135 3941 2289 4000 serit,
2323 3940 2567 3992 meminit
2605 3940 2927 3994 Plutarchus
2957 3940 3007 3991 in
3045 3938 3248 4005 Quaest.
3293 3936 3497 3993 Groecis
3536 3952 3586 4004 p.
3628 3936 3730 3991 501

2135 4022 2190 4066 et
2218 4011 2341 4067 502.
2374 4010 2472 4066 Uhi
2498 4011 2680 4077 regina
2710 4011 2799 4063 ilia
2831 4009 3165 4063 Amazonum
3197 4007 3485 4082 ilippoiyte
3512 4018 3737 4062 vocatur

2136 4092 2191 4138 ct
2217 4081 2499 4138 interiecta
2528 4080 2597 4134 ab
2624 4079 2855 4137 Hercule
2876 4078 3045 4135 fuisse
3070 4079 3201 4152 (pro
3226 4078 3489 4135 varietate
3513 4076 3733 4148 iabuiae)

2137 4164 2410 4209 narratnr.
2450 4151 2554 4207 Per
2584 4166 2732 4206 arma
2759 4165 2892 4207 vero
2920 4150 3194 4218 cingulum
3222 4149 3529 4231 intelligere
3560 4150 3735 4219 potuit

2137 4226 2387 4290 Orosius,
2421 4222 2553 4278 illud
2587 4224 2729 4278 enim
2756 4222 2825 4277 ab
2855 4221 3158 4293 Eurystheo
3184 4220 3381 4276 afferre
3403 4236 3588 4290 jussus
3615 4229 3737 4276 erat

2141 4295 2421 4360 ilercules,
2471 4310 2645 4364 neque
2684 4294 2902 4359 spoliari
2931 4293 3144 4363 cingulo
3177 4300 3388 4360 poterat
3415 4300 3621 4346 armata
3653 4292 3736 4344 vi-

2137 4382 2289 4436 rago,
2319 4366 2420 4420 nisi
2454 4365 2538 4418 vel
2563 4364 2742 4417 occisa
2773 4364 2861 4418 vei
2885 4362 3116 4420 devicta.
3149 4361 3452 4420 Exhibetur
3480 4376 3611 4415 vero
3644 4360 3734 4415 hic

2140 4436 2292 4493 labor
2311 4436 2574 4498 llereulis,
2592 4435 2645 4489 in
2659 4433 2870 4488 duobus
2884 4434 3121 4489 nummis
3136 4434 3376 4501 antiquis
3394 4432 3734 4500 imperatoris

2140 4507 2388 4571 Macrini,
2403 4504 2621 4576 primiat
2663 4520 2733 4560 ue
2744 4503 2965 4560 secundi
2980 4502 3483 4569 moduli,ileracleae
3498 4502 3548 4555 in
3565 4500 3738 4555 Ponto

2140 4578 2310 4644 cusis,
2341 4578 2396 4632 in
2416 4577 2610 4647 quihus
2688 4589 2965 4631 tnaznnem
2989 4576 3225 4644 equitem
3248 4571 3414 4642 pedes
3440 4571 3739 4625 insectatur

2141 4648 2427 4711 ilereules,
2459 4645 2674 4701 leonina
2705 4654 2883 4701 tectus
2910 4654 2965 4700 et
3000 4645 3149 4699 clava
3180 4651 3442 4697 armatus.
3482 4640 3538 4695 ln
3569 4641 3741 4695 altero

511 4725 603 4781 15.
629 4724 827 4796 Sinope
845 4724 983 4795 litia.
1014 4724 1215 4781 Omnes
1241 4720 1364 4778 libri
1404 4736 1537 4779 mss.
1574 4720 1774 4788 Orosii,
1821 4736 1888 4777 ne
1927 4735 2035 4776 uno
2059 4714 2113 4774 D
2139 4728 2344 4776 armata
2370 4715 2592 4786 bipenni
2616 4715 2802 4786 regina
2828 4717 3094 4796 minatur,-
3114 4713 3217 4770 nisi
3248 4712 3456 4780 insequi
3485 4710 3736 4775 desistat,

2134 4788 2465 4849 deditionem
2506 4784 2752 4857 poscenti
2797 4786 3043 4854 llerculi;
3081 4801 3135 4840 ιιι
3174 4785 3350 4842 altero
3391 4782 3737 4851 prehendens

2140 4859 2397 4919 nudatam
2449 4859 2618 4916 armis
2660 4857 2946 4927 Hercules,
2974 4867 3031 4916 et
3068 4856 3221 4915 clava
3251 4854 3454 4921 minax,
3482 4853 3596 4925 jam
3622 4851 3737 4925 jam

2142 4943 2355 5004 captam
2387 4938 2558 4988 tenet.

435 4789 656 4868 quidem
698 4805 953 4865 excepto,
985 4811 1092 4852 non
1140 4789 1404 4866 Orithyia,
1436 4792 1532 4848 sed
1562 4793 1757 4864 Sinope
1803 4793 2021 4861 legunt3

433 4870 569 4940 quin
596 4876 654 4923 et
678 4867 771 4923 ed.
802 4866 1232 4940 Aug.,quamvis
1263 4863 1377 4920 sola
1407 4863 1547 4933 iuter
1574 4863 1773 4927 editos,
1803 4864 1854 4919 id
1877 4877 2029 4918 com·

433 4935 650 5011 probat.
699 4935 886 5011 Neque
931 4953 1018 4996 me
1043 4944 1247 5004 movet,
1274 4934 1420 5008 quod
1449 4932 1591 5007 apud
1615 4933 1886 4992 lustinum
1913 4934 2038 4992 Ori·
