4192 6434
232 362 277 435 bs
410 445 411 448 g
762 370 877 430 uentu
895 368 989 430 nucu
1007 368 1138 428 oexrnt
1157 369 1363 429 eunounou.
1851 372 1887 446 st

236 492 276 550 A.
292 489 324 549 G.
340 490 385 549 dl.
412 487 544 548 Herodias
557 500 624 545 reru
634 486 737 545 saltans
750 503 833 561 super
846 487 973 554 Sicorim,
985 486 1087 544 dulmen
1100 486 1205 556 ilerdae,
1220 487 1308 559 glaeie
1321 493 1491 558 concretum,
1507 488 1648 547 submersa
1663 489 1715 547 ml·
1735 490 1769 549 A.
1779 488 1812 546 n.
1826 490 1889 566 785,

457 583 609 642 serabiliter
624 582 713 654 periit.
749 571 754 586 “

850 672 979 731 lilldlill
997 670 1285 729 COMMENTARIUS.

243 777 291 834 lib.
302 791 329 834 c.
351 775 378 842 9,
395 791 457 833 curn
471 776 553 834 Caius
567 775 752 832 Romanorum
774 775 924 846 imperator
938 773 1038 844 Agrip·
1051 773 1077 833 Α
1092 772 1199 834 pulsam
1225 769 1378 828 accessisse
1403 785 1546 829 necessum
1571 772 1669 841 luerit,
1686 773 1778 843 ibique
1806 776 1893 843 potuit

243 863 305 920 pam
320 847 483 904 Herodiadis
494 848 606 904 lratrem
617 889 625 912 ,
636 862 669 902 ex
684 849 797 916 privato,
811 861 903 915 regem
918 844 1036 910 fecisset,

243 919 366 975 eamdem
403 912 583 976 llerodiadem
619 917 732 973 llerodis
763 917 888 987 Autippae
919 916 1040 973 Galilaeae

244 989 402 1048 Tetrarchae
437 991 563 1060 pellicem
615 987 741 1044 lratcrnae
770 987 909 1045 felicitatis
940 985 1038 1042 invidia

244 1062 372 1133 agitatam
382 1103 389 1124 ,
401 1062 505 1134 regiam
519 1031 646 1116 similiter
658 1058 802 1116 allectasse
813 1057 955 1123 diadema3
967 1057 1039 1125 ejus·

245 1146 299 1204 que
312 1131 468 1196 ambitionis
481 1133 568 1201 gratia
582 1130 716 1186 amasium
730 1130 848 1186 munisse
861 1142 957 1197 satim,
970 1141 1039 1198 qua·

245 1208 326 1260 tenus
339 1202 447 1259 decenti
460 1203 575 1274 stipatas
589 1201 735 1269 comitatu,
749 1200 862 1256 numam
878 1199 1039 1269 adnavigas-

240 1283 287 1332 set
298 1291 306 1342 ;
319 1284 350 1329 ιιι
364 1284 392 1330 et
408 1274 485 1345 ipse,
508 1272 639 1330 beneflcio
653 1271 785 1340 Castris,
808 1272 842 1326 ad
857 1270 948 1340 regale
963 1270 1040 1324 lasti-

243 1347 318 1416 glum
332 1345 503 1401 crederetur.
519 1344 574 1400 lies
599 1356 663 1399 nero
688 1357 741 1398 uou
765 1357 798 1398 es
815 1352 879 1399 roto
894 1341 1037 1408 acelderc3

245 1416 308 1487 quln
326 1418 415 1484 patius
431 1415 458 1472 in
475 1414 553 1487 pejus
568 1427 707 1469 conversae
729 1422 803 1468 sunt.
829 1412 949 1485 Agrippa
964 1411 1038 1466 euim

244 1500 294 1543 rer
309 1485 487 1542 Fortunatam
505 1487 631 1542 libertum
654 1499 732 1539 sutrnt
747 1485 779 1539 ad
793 1484 888 1540 Gaium
905 1499 966 1538 cutn
981 1497 1040 1536 mu·

245 1558 372 1626 neribus,
384 1567 411 1613 et
427 1558 524 1613 litteris
534 1556 607 1612 misit
616 1599 621 1617 ‚
631 1555 766 1612 llerudem
777 1569 910 1611 accusans
922 1553 1039 1622 duplicis

231 1626 406 1685 ‘delectionis
422 1627 572 1684 allemano
586 1627 719 1696 imperio;
735 1626 851 1698 primurn
866 1641 926 1681 curn
939 1625 1039 1694 sejano

1092 842 1215 912 Lugduni
1231 842 1396 913 aliquarttdiu
1419 844 1572 910 iaumnrari;
1589 846 1687 901 exinde
1702 860 1768 901 uero
1795 845 1894 910 llispa·

1091 914 1152 969 trias
1178 913 1290 984 petiisse
1315 929 1460 984 numquam
1482 914 1620 984 insepbus
1636 915 1767 988 negarit,
1795 917 1893 974 nullibi

1091 985 1163 1040 enim
1179 993 1332 1050 assereret,
1350 984 1472 1054 Lugduni
1494 985 1566 1041 diem
1589 987 1711 1054 obiisse,
1728 987 1776 1043 sed
1793 988 1893 1045 exsilio

1090 1056 1243 1127 relegatam
1258 1063 1391 1127 perpetuo
1406 1073 1412 1108 ε
1428 1055 1491 1111 indo
1506 1072 1569 1112 vero
1583 1074 1638 1115 non
1655 1059 1816 1115 incredibile
1830 1068 1892 1124 est,

1090 1124 1182 1196 lugam
1209 1141 1305 1181 tersus
1321 1126 1465 1196 Hispanias
1481 1128 1650 1196 arripuisse,
1664 1130 1756 1200 ibique
1771 1134 1894 1202 peregri·

1091 1207 1202 1253 stantem
1219 1199 1301 1252 ttrorti
1316 1199 1505 1254 concessisse:
1521 1199 1547 1254 ld
1562 1199 1636 1269 quod
1653 1200 1749 1255 ultimo
1765 1201 1827 1256 loen
1854 1202 1894 1257 la-

1090 1274 1181 1336 tetur,·
1196 1276 1225 1323 et
1239 1268 1356 1324 aliarum
1371 1280 1512 1323 auctorum
1529 1271 1688 1327 testimonio
1701 1270 1895 1328 manilestisi-

1091 1353 1164 1393 mum
1180 1338 1312 1394 redditur.
1327 1339 1470 1410 Siquidem
1496 1341 1666 1413 llegesippus
1691 1343 1893 1401 tetttstissimus

1090 1411 1210 1478 scriptor
1223 1410 1270 1465 lib.
1285 1425 1303 1466 u
1331 1408 1365 1465 de
1380 1411 1628 1483 itterosatymitann
1647 1414 1771 1481 excidio,
1785 1429 1848 1483 cap.
1863 1416 1893 1483 5,

1091 1484 1199 1537 venisse
1222 1480 1356 1537 llerodem
1378 1482 1411 1536 ad
1435 1481 1579 1550 llispauias
1598 1496 1765 1553 asserrrat;
1792 1485 1895 1541 addens

1091 1550 1180 1616 ipsttm
1195 1566 1314 1608 maerore
1326 1552 1408 1608 animi
1423 1563 1612 1624 consumptum
1629 1556 1779 1611 interiisse.
1795 1557 1848 1613 Setl
1864 1565 1893 1613 et

1092 1619 1227 1692 Iosephus
1245 1622 1325 1690 (alter
1354 1639 1368 1676 a
1391 1625 1532 1695 praedicto)
1556 1625 1683 1683 Garinuis
1710 1627 1784 1683 illius
1815 1629 1895 1682 libr

245 1708 339 1755 contra
362 1698 499 1755 'liberium
516 1698 690 1767 Principem,
716 1710 744 1752 ot
765 1696 855 1752 tlcnnn
881 1695 1039 1750 oum'Arta-
1090 1706 1200 1747 suarum
1217 1693 1391 1748 bistorinrnm
1405 1734 1412 1759 ,
1427 1710 1489 1763 cap,
1506 1697 1550 1761 tq,
1567 1698 1668 1766 inquii:
1685 1697 1830 1754 grangiam
1845 1716 1894 1753 ng.

244 1768 544 1826 hanoPartlrncoutra
567 1771 653 1839 ipsum
668 1767 872 1835 Caium3euJus
896 1766 938 1821 rei
955 1774 1039 1821 testes
1091 1774 1142 1816 tcrn
1162 1761 1392 1826 TiberiusCresur,
1420 1783 1467 1820 reu
1491 1765 1682 1830 llarnanoruur,
1706 1769 1837 1824 llerodem
1867 1770 1895 1824 in

244 1839 395 1896 adhibebat
408 1839 494 1908 ipsius
509 1837 665 1895 Tetrarchae
681 1847 849 1909 apparatus,
875 1845 969 1904 utpote
993 1836 1039 1905 qui
1091 1832 1252 1903 Hispaniam
1264 1875 1271 1897 ,
1284 1833 1329 1888 ubi
1341 1839 1419 1891 etium
1433 1848 1552 1892 riter-tuus
1565 1848 1613 1893 cst.
1638 1841 1704 1907 Quian
1719 1840 1801 1895 verba
1815 1838 1896 1895 alleri

243 1911 273 1967 in
298 1909 519 1966 armamentariis
537 1911 595 1965 suis
619 1908 733 1964 liaberet
761 1917 864 1964 tautum
879 1921 1038 1973 urinarum,
1090 1904 1190 1959 liibeca
1206 1904 1239 1959 ad
1253 1904 1319 1960 illud
1336 1907 1445 1974 Abilae,
1457 1907 1823 1982 ‘lrunsntigratialerusalcnt
1838 1928 1897 1981 quse

245 1993 375 2053 quantum
389 1980 528 2036 struendis
541 1981 712 2048 septuaginta
725 1979 843 2034 tuillibns
854 1980 975 2033 uirorum
989 1993 1035 2032 ar·
1090 1975 1118 2030 ln
1149 1974 1285 2041 dosplmro
1311 1985 1358 2030 est.
1385 1977 1449 2032 little
1474 1995 1555 2048 quam
1582 1982 1662 2037 docte
1676 1993 1781 2037 asserat
1794 1982 1897 2037 Denter

245 2061 381 2108 matorum
395 2049 679 2108 sulllceret.llerodrs
702 2066 770 2122 pene
786 2051 914 2104 inuiserat
933 2050 1038 2112 Caium,
1093 2047 1236 2114 llispauias
1260 2046 1396 2102 llernderu
1423 2062 1602 2119 penetrasse,
1632 2054 1723 2120 ibique
1751 2052 1897 2109 inlelieiter

246 2136 308 2180 eum
322 2138 387 2179 cece
401 2122 567 2178 Fortunatus
583 2122 695 2176 llouram
710 2123 836 2177 accessit.
849 2120 960 2175 Litteris
975 2135 1037 2188 per·
1057 2159 1081 2220 B
1093 2117 1207 2173 obiisse.
1220 2116 1269 2200 Est
1284 2129 1374 2173 tamen
1386 2120 1457 2188 quod
1475 2121 1576 2177 bestia
1589 2123 1640 2178 suli
1653 2123 1818 2190 debeamus,
1832 2125 1898 2180 buc·

245 2194 325 2250 lectis
335 2192 691 2264 lntperstorexeandnit,et
700 2209 753 2262 qun
764 2194 865 2248 certior
874 2190 1039 2254 ediceretur,
1095 2196 1173 2243 tenus
1187 2188 1247 2243 aliis
1261 2198 1404 2255 ignotum;
1421 2206 1519 2247 nomeu
1540 2195 1645 2250 scilieet
1671 2195 1763 2259 urbis,
1787 2194 1813 2249 iu
1839 2211 1893 2264 qua

248 2262 385 2322 Herodem
408 2265 624 2334 rogatitrcrane
639 2274 806 2336 essentque
820 2261 1042 2318 demultitudine
1093 2258 1182 2326 obiit,
1196 2259 1324 2315 nimirum
1342 2260 1455 2329 llerdm,
1479 2278 1560 2332 quam
1584 2265 1666 2322 mado
1681 2262 1805 2321 Leridam
1826 2264 1894 2321 diei-

245 2343 386 2393 'nrmnrum
401 2350 513 2391 suorum
528 2335 670 2391 audierat?
682 2335 721 2390 Eo
732 2346 822 2389 atatem
836 2343 987 2397 annuente,
1000 2346 1043 2387 sa·
1097 2344 1168 2385 mus.

248 2406 284 2462 tis
298 2404 438 2479 probatam
454 2405 634 2462 delectionem
660 2415 736 2462 ratus
747 2407 913 2476 imperator,
928 2406 1042 2458 Tetrar·
1129 2400 1158 2456 ll.
1180 2398 1310 2456 llerodiaa
1335 2419 1413 2468 uera,
1436 2413 1489 2459 ete.
1506 2403 1660 2474 llorribilis,
1677 2405 1725 2462 sed
1740 2406 1891 2479 justissima

248 2477 310 2533 cbia
328 2478 462 2550 llerndem
476 2479 606 2546 priuatim
627 2477 759 2548 privatum
776 2476 872 2530 exsilio
887 2474 1042 2538 mulctarit,
1095 2471 1203 2528 lemine
1230 2487 1325 2539 mors,
1350 2490 1412 2542 quae
1433 2486 1514 2546 eaput
1538 2479 1613 2544 justo
1630 2477 1712 2543 impie
1735 2479 1896 2533 sustulerat.

248 2553 277 2605 el
300 2549 383 2620 (quud
397 2547 507 2603 insidiae
523 2546 644 2603 inmitem
669 2548 756 2610 ausit)
783 2547 906 2617 ejusdem
933 2546 1044 2600 Tetrar·
1095 2542 1193 2598 Fusius
1205 2558 1266 2598 eum
1282 2556 1371 2597 narrat
1386 2544 1556 2615 Nicepborns
1570 2550 1654 2603 citata
1668 2549 1746 2615 laeo;
1760 2549 1810 2603 nisi
1822 2551 1894 2619 quud

250 2618 339 2674 citiam
366 2614 492 2690 Agrippae
518 2619 617 2674 emutio
640 2635 689 2673 sun
719 2618 899 2689 adjudicarit;
922 2616 1044 2686 lienique
1095 2613 1895 2690 inquibusdamtideturabertirrdeuiare;illesiqnitlem

251 2689 417 2752 llerodindi.
440 2704 501 2760 quae
523 2704 644 2760 praesens
675 2689 786 2753 aderat,
806 2690 893 2743 tirum
917 2691 1044 2741 comitata
1095 2686 1209 2748 astruit,
1224 2686 1305 2738 liliam
1321 2684 1487 2742 saltatricem
1501 2689 1527 2742 in
1542 2688 1654 2744 lluunue
1668 2692 1754 2755 glaeie
1767 2702 1899 2745 concreta

250 2774 350 2828 suurn,
378 2757 515 2831 pepercit,
538 2759 573 2815 ob
596 2760 679 2832 Agrip
699 2775 722 2815 se
750 2757 842 2813 lratris
873 2758 1041 2813 ddelitatem.
1095 2755 1265 2811 demersam:
1280 2756 1379 2817 better
1394 2773 1459 2813 vero
1481 2762 1560 2815 matri
1587 2758 1729 2815 llerodiudi
1745 2760 1773 2816 id
1790 2762 1897 2817 trilntit.

250 2830 386 2887 l'saetcrum
408 2845 468 2902 qnae
484 2838 617 2886 tantorum
635 2776 766 2885 maidrnm
790 2844 871 2884 eausa
887 2829 991 2892 luerat,
1017 2837 1045 2882 et
1096 2825 1201 2882 Deinde
1226 2826 1274 2883 ille
1298 2826 1478 2898 decapitatum
1503 2830 1584 2886 luisse
1597 2832 1696 2894 docet,
1712 2831 1757 2886 hic
1772 2831 1900 2887 subruer-

251 2900 341 2957 Ditini
375 2901 496 2957 numinis
523 2900 736 2974 indignationem
764 2900 844 2956 siuutl
872 2901 1043 2966 incurrerat,
1097 2895 1381 2953 sam.Schallistum
1395 2899 1547 2956 audiamus:
1561 2899 1719 2956 Furibunda
1731 2904 1898 2968 etadatltera,

250 2970 420 3043 loannisque
442 2970 570 3043 Baptistae
584 2973 742 3043 sauguinem
757 2978 854 3028 contra
876 2985 907 3026 se
926 2970 1046 3024 clamau-
1096 2968 1244 3037 incestaque
1255 3009 1262 3030 ,
1274 2984 1333 3038 que
1344 2971 1448 3040 quadem
1458 2968 1573 3027 llerudia
1586 2973 1735 3040 nabebatur,
1747 2989 1836 3028 reuera
1845 2990 1896 3027 ura·

242 3049 308 3100 'tem
321 3043 511 3114 babebat,qoi
523 3045 581 3099 lleri
597 3052 746 3111 personat
757 3040 908 3110 condignas
922 3056 974 3094 nnn
988 3042 1046 3094 lue·
1096 3050 1148 3093 tem
1161 3037 1899 3117 Plrilippicrutranjuu.aitalangiusuctn,cumprius
1990 3042 1994 3046 ’

251 3123 296 3171 ret
309 3113 424 3185 poenasl
437 3113 490 3170 Sed
513 3129 566 3186 qun
581 3116 666 3186 magis
694 3114 802 3169 mireris
823 3113 870 3167 liei
886 3112 1043 3168 altissimam
1096 3109 1180 3178 filiam
1194 3108 1352 3166 saltatricem
1362 3111 1454 3166 acerba
1467 3114 1521 3184 lata
1535 3113 1664 3168 sublatum
1678 3114 1796 3174 uidisset.
1812 3115 1899 3185 laturi

253 3185 465 3257 prouidentiam,
478 3184 678 3242 absolutionem
689 3199 770 3256 quant
781 3183 980 3252 illilmperator
992 3185 1044 3237 im·-
1095 3181 1186 3234 sacnti
1196 3181 1310 3251 judicia,
1336 3192 1359 3236 et
1372 3183 1502 3250 suppilicia
1518 3196 1644 3240 resanata
1667 3194 1723 3248 est,
1745 3201 1829 3240 meras
1840 3225 1848 3252 ,
1861 3188 1900 3241 ibi

252 3257 402 3329 perlimat,
414 3256 530 3327 ipsamet
541 3258 632 3312 renuit
642 3298 649 3322 ,
661 3256 787 3312 exsilium
801 3263 827 3309 et
839 3268 934 3323 peenas
948 3253 1045 3308 lubens
1097 3266 1175 3316 qnam
1188 3252 1309 3305 citissime
1320 3252 1413 3306 diuina
1423 3253 1469 3308 ire
1480 3255 1558 3324 laces
1572 3254 1814 3328 ,intolerabilisque
1826 3256 1900 3311 indi-

242 3328 375 3397 ·amplera
388 3366 396 3392 ,
409 3341 478 3397 quas
494 3334 639 3383 meruerat.
654 3326 729 3384 Unde
744 3325 777 3381 ad
792 3326 886 3382 Caium
899 3366 907 3390 ,
922 3326 966 3395 qui
983 3338 1043 3378 eam
1096 3324 1226 3391 gnatronis
1242 3321 1336 3376 domni
1349 3321 1458 3378 calicem
1471 3326 1618 3391 duustura,·
1645 3324 1722 3381 Filia
1735 3340 1822 3380 antem
1837 3327 1899 3397 ejus

244 3394 420 3463 ‘absolverat
434 3396 503 3452 dixit
512 3415 518 3451 :
527 3395 568 3452 Tu
579 3399 683 3468 quidem
695 3397 848 3470 imperator,
864 3406 892 3449 ut
907 3404 952 3448 tun
964 3398 1045 3460 male·
1099 3390 1205 3464 (dignus
1218 3393 1286 3447 eninr
1300 3403 1338 3447 est
1351 3395 1397 3463 qui
1407 3396 1537 3452 tnentorire
1550 3398 1754 3466 commendetur)
1768 3396 1829 3452 tulis
1845 3399 1899 3467 luit

238 3465 1043 3539 .statedignansest‚loqueris:sedmilticonjugalitanrort'nt·
1097 3461 1204 3521 obittts:
1229 3461 1353 3519 Eutrtlusu
1378 3465 1402 3519 ei
1415 3468 1539 3535 quopiam
1564 3467 1675 3522 trientali
1695 3467 1896 3541 temporelcrat,

254 3530 402 3610 pedimento
416 3544 454 3591 est
466 3581 473 3605 ,
486 3537 622 3607 quominus
641 3539 716 3606 lruar
727 3537 775 3592 dac
797 3536 980 3606 indulgentia:
994 3544 1044 3589 non
1060 3538 1083 3603 c
1097 3541 1122 3586 st
1136 3534 1231 3603 fluuius
1245 3535 1412 3605 trajiciendus
1438 3535 1553 3607 (Sicoris
1567 3537 1662 3593 ilerdae
1677 3537 1794 3607 liutius,
1815 3538 1898 3608 tttlgu

254 3607 325 3662 enlnt
333 3623 435 3679 equum
447 3623 546 3672 censen,
560 3616 589 3663 nt
599 3609 641 3662 cui
654 3608 775 3671 secunda
785 3611 898 3691 [ortunae
912 3609 950 3676 lui
964 3607 1044 3671 soria,
1098 3617 1171 3659 nune
1186 3603 1267 3676 Segre
1287 3605 1397 3677 dictus),
1412 3608 1458 3676 qui
1475 3625 1535 3662 curn
1544 3608 1629 3679 glacie
1650 3610 1805 3664 constrictus
1818 3626 1900 3683 coag-

254 3682 313 3733 eun't
326 3692 393 3732 nttrtc
407 3679 434 3733 in
460 3678 569 3752 alduersu
591 3679 718 3734 deseram.
734 3678 768 3732 At
782 3679 827 3733 tlle
840 3676 946 3761 indique
961 3677 1046 3746 [erens
1098 3683 1278 3743 metiaturque
1298 3686 1373 3742 essct,
1389 3677 1538 3744 pedetenus
1553 3679 1692 3736 transibat.
1703 3678 1793 3734 Glacie
1807 3688 1898 3734 autern

254 3746 458 3822 laitlosepbus)
469 3757 521 3802 tunt
535 3751 665 3805 excelsum
674 3750 791 3804 animant
803 3751 831 3804 in
841 3749 948 3820 lontano,
962 3746 1047 3817 ipsam
1096 3757 1176 3817 rapta
1186 3787 1194 3813 ,
1206 3747 1283 3816 idque
1294 3763 1346 3800 non
1356 3749 1412 3802 sine
1423 3746 1470 3803 ber·
1481 3750 1604 3818 numine,
1616 3749 1773 3823 dentcrqitttr
1784 3750 1831 3806 itta
1841 3762 1899 3805 stu·

255 3819 355 3889 guoque
366 3836 424 3874 ctttn
437 3816 544 3876 Herode
555 3821 666 3892 expulit,
682 3829 706 3876 et
718 3821 783 3875 bena
794 3819 978 3892 ejrtsdgrippoe
992 3819 1046 3872 lar·
1098 3816 1144 3870 tint
1159 3818 1243 3888 capite
1256 3826 1348 3879 tenus.
1363 3829 1388 3873 et
1401 3819 1531 3890 inferioris
1546 3822 1666 3890 corporis
1682 3821 1797 3892 partitus
1814 3822 1897 3875 lasci-

253 3892 322 3965 girus
336 3890 484 4017 eanquue
506 3891 542 3946 lta
560 3891 687 3948 ellectum
703 3900 760 3958 est,
776 3899 806 3946 ut
816 3891 897 3946 ambo
910 3898 985 3944 extra
999 3888 1047 3946 lu·
1097 3887 1182 3956 niens,
1196 3887 1351 3958 molliterque
1365 3905 1392 3943 se
1404 3906 1505 3945 titaneus
1519 3888 1598 3945 saltat
1609 3921 1618 3955 ,=
1629 3909 1682 3948 uon
1696 3893 1723 3947 in
1745 3903 1831 3959 uara,
1846 3893 1896 3946 sed

254 3965 341 4017 dream
365 3973 379 4016 A
421 3961 595 4019 Occidrnlem
620 3965 694 4020 orbis
719 3972 822 4035 partem
841 3963 1044 4027 concesserint,
1097 3957 1397 4030 interrumpamus
1415 3958 1569 4016 sceleratum
1589 3962 1685 4035 [rigore
1699 3969 1722 4016 el
1736 3962 1818 4028 glacie
1831 3979 1898 4016 corr-

253 4033 351 4088 arsitio
365 4040 493 4101 perpetuu
506 4033 635 4101 damnati.
1098 4038 1211 4093 metuite,
1224 4031 1316 4084 deinde
1330 4031 1408 4084 ctiam
1423 4033 1634 4087 conuulneratum
1645 4074 1652 4095 ,
1663 4043 1688 4089 st
1701 4050 1717 4086 a
1729 4034 1826 4104 reliquo
1835 4050 1897 4087 cor·

292 4092 352 4173 Quo
367 4112 457 4159 atatem
477 4104 676 4177 contenderint,
692 4104 808 4162 dubitari
824 4104 921 4159 inerito
936 4109 1044 4175 potest:
1098 4114 1161 4180 porc
1172 4145 1180 4169 ‚
1193 4117 1243 4154 aran
1257 4102 1336 4171 lurra,
1350 4102 1397 4156 scd
1405 4103 1500 4228 glaciei
1513 4105 1606 4159 crustis
1616 4113 1756 4169 resectum,
1772 4105 1897 4175 inglorie

255 4172 474 4298 qottrdoquidcm
497 4172 665 4244 Nicepltorns
681 4175 728 4230 lib.
744 4175 842 4241 ubist,
856 4188 882 4229 c.
893 4173 945 4230 to.
966 4173 1047 4227 ilien-
1097 4171 1402 4241 apsasaltationentletlra
1416 4189 1454 4228 eut
1463 4173 1574 4240 unibat,
1585 4176 1783 4245 spectaculaque
1794 4192 1823 4231 ro
1836 4192 1895 4229 orri-

272 4259 301 4314 ,re
313 4244 410 4299 asserit
419 4244 540 4301 exsulem
555 4244 643 4316 egisse
656 4245 790 4303 llerodem
802 4287 809 4308 ‚
821 4258 847 4298 at
859 4243 993 4313 losepluts
1007 4244 1047 4298 cl·
1097 4240 1172 4295 nitus
1181 4241 1332 4313 praebitum
1343 4245 1493 4299 memoriam
1502 4262 1532 4299 ca
1542 4263 1600 4317 que
1612 4247 1709 4318 lecerat
1719 4246 1896 4318 spectantibus

256 4322 313 4383 tato
326 4314 450 4383 superias
464 4316 525 4371 loeo
535 4318 590 4373 ait:
605 4314 792 4371 llerndes'uero
803 4323 926 4386 perpetue
937 4315 1046 4369 duntna·
1097 4323 1209 4367 rmocat.
1223 4312 1286 4368 llaec
1302 4315 1420 4383 ilicone
1435 4315 1485 4371 laei
1500 4315 1616 4381 ingenua
1631 4315 1718 4371 luteor
1730 4331 1823 4372 casum
1837 4319 1896 4373 sal-

256 4385 712 4459 tttrertesslllaitpudLngdunum
732 4387 842 4441 urbem:
866 4394 1046 4455 quuauetorc
1098 4383 1219 4452 latricis,
1235 4394 1264 4438 ut
1287 4385 1321 4439 ab
1336 4384 1388 4440 boc
1401 4397 1512 4440 auctore
1526 4386 1701 4453 describitur,
1718 4385 1814 4442 mirum
1842 4388 1892 4443 [tei

255 4455 336 4528 vulgo
349 4455 479 4526 creditur,
503 4457 626 4529 Lugduni
650 4466 784 4514 mortuum
801 4459 894 4513 luisse.
910 4457 1045 4513 Ceterum
1098 4451 1287 4510 demonstrare
1304 4455 1519 4527 providentiam,
1533 4457 1596 4512 dum
1610 4460 1699 4528 eapite
1715 4458 1809 4521 plectit
1828 4473 1891 4520 catu

255 4516 328 4597 ldetn
341 4522 475 4596 losepbus
490 4529 536 4585 lib.
562 4531 590 4595 ξ,
605 4530 640 4585 de
665 4529 737 4585 bello
755 4528 869 4586 ludaico
888 4543 947 4598 cap.
968 4527 985 4582 8
1000 4527 1045 4597 (ad
1096 4538 1157 4594 qotc
1171 4525 1260 4595 capite
1274 4526 1395 4596 plectere
1407 4527 1556 4596 baptistam
1571 4529 1694 4601 petierat.
1706 4527 1892 4584 veliementer

257 4596 359 4659 calcent
376 4598 484 4671 ipsias),
496 4599 532 4670 ad
548 4599 691 4670 llispanlas
706 4601 877 4672 lnglsscenm
893 4598 1046 4655 llerodiade
1098 4608 1131 4648 ao
1162 4610 1188 4650 m
1199 4595 1330 4663 admiror,
1338 4596 1502 4673 ejuscapitis
1514 4601 1711 4654 truncationem
1722 4616 1792 4666 ,uon
1802 4598 1891 4664 lerro,

255 4677 398 4734 consorte,
412 4680 506 4726 artetur
517 4678 573 4736 est,
586 4670 673 4741 iuquit
687 4672 775 4728 euim:
799 4670 850 4725 llis
862 4674 973 4724 adactus
991 4668 1046 4723 lle·
1097 4678 1128 4720 se
1173 4668 1273 4722 crustis
1294 4665 1595 4738 dumtaxatglaeieutm
1609 4674 1708 4725 aetatu.
1726 4670 1758 4725 tlt
1779 4670 1890 4740 quidem

253 4741 340 4804 rades,
356 4741 425 4795 uenit
437 4737 472 4796 ad
487 4741 596 4807 Culum,
609 4756 686 4814 aqua
696 4743 728 4798 olt
739 4743 875 4797 auaritiam
886 4739 1047 4797 uehementer
1097 4737 1229 4792 ntiraculo
1245 4737 1301 4793 lieri
1316 4739 1454 4808 putuisse,
1472 4755 1525 4793 nnn
1541 4740 1665 4812 ambigo,
1681 4738 1779 4795 laotttm
1795 4752 1890 4798 autera

252 4809 409 4879 increpitus,
425 4810 460 4866 ad
477 4811 620 4884 lllspanias
644 4815 730 4886 legit,-
743 4823 848 4869 secatus
862 4812 931 4866 anim
950 4815 1046 4881 quippe
1097 4805 1203 4863 dubito.
1217 4807 1300 4878 Atqui
1312 4810 1337 4864 iu
1353 4824 1383 4864 re
1393 4809 1473 4865 dubia
1484 4808 1618 4867 Dextrum
1630 4808 1757 4867 libentius
1769 4812 1891 4881 amplec-

251 4895 310 4935 eum
332 4882 563 4948 lueratacrasatar
573 4884 689 4957 Agrippa
701 4903 709 4953 ;
723 4887 766 4940 cui
778 4886 855 4940 etiam
870 4881 1045 4938 Tetrarclrinm
1097 4883 1158 4945 tor,
1173 4879 1231 4933 sire
1244 4880 1277 4934 tle
1293 4876 1387 4936 mortis
1400 4894 1513 4950 genere.
1526 4882 1584 4936 sire
1595 4881 1630 4938 de
1644 4896 1756 4951 persona
1771 4892 1890 4939 inertem

242 4949 323 5013 ¹illius
336 4951 368 5008 C.
389 4951 476 5007 Cesar
490 4952 600 5025 adjecit,
616 4963 693 5025 atque
706 4958 745 5008 tta
772 4952 890 5006 llerader
900 4951 1003 5022 quidem
1018 4950 1044 5006 in
1061 4922 1228 5019 ¹’perpessu
1243 4964 1335 5005 sermo
1349 4952 1404 5007 sit:
1421 4960 1476 5004 tuna
1497 4950 1558 5022 quia
1573 4951 1664 5008 multis
1689 4951 1796 5007 saeculis
1807 4950 1890 5010 Nice·

252 5020 397 5091 Hispania,
420 5021 597 5094 peregrinante
619 5041 705 5079 tecum
728 5040 823 5092 usare,
844 5021 961 5076 decessit.
977 5020 1044 5077 lliue
1097 5019 1183 5088 pboro
1194 5019 1451 5085 initanterlor,tunr
1462 5022 1588 5092 qnoniam
1601 5022 1803 5094 ipsellispnnus
1814 5034 1890 5092 erat,

250 5091 385 5148 Baronius
398 5093 534 5157 existimat
560 5110 593 5162 pn
614 5095 705 5151 nantia
729 5110 761 5150 ea
788 5108 883 5149 seeum
899 5091 1043 5160 utrubique
1095 5098 1124 5144 ct
1141 5089 1357 5157 Barcinonensis,
1369 5098 1397 5146 et
1409 5107 1439 5146 ea
1455 5093 1620 5164 retulitque
1632 5093 1724 5148 lierdac
1737 5094 1763 5147 iu
1778 5095 1891 5162 protin-

250 5163 394 5231 scripsisse
407 5162 569 5233 loseplrum‚
594 5111 658 5220 ium
675 5165 731 5221 illie
757 5164 904 5237 Agrippam
933 5161 1041 5218 tuisissc
1094 5156 1135 5216 ela
1149 5159 1272 5237 sunnon
1283 5164 1386 5231 langen
1402 5162 1806 5239 Barcinonecontigeranttiile
1819 5181 1888 5221 tero

249 5232 426 5288 Fortunatam
441 5245 499 5302 post
517 5234 653 5292 llerodetn
667 5232 798 5303 Romam,
814 5233 970 5299 contendit,
996 5232 1040 5289 bic
1092 5235 1229 5288 recentior
1253 5232 1354 5298 multo,
1382 5240 1409 5289 ct
1424 5233 1450 5287 in
1465 5232 1569 5290 Graecia
1586 5246 1685 5302 uatus,
1708 5245 1737 5290 et
1752 5234 1890 5293 educatus

246 5318 316 5359 sero
327 5304 431 5371 ipsum,
443 5303 545 5374 iuquit,
557 5305 702 5376 Agrippam
715 5304 829 5361 llnmaru
844 5306 971 5374 petiisse:
984 5302 1039 5362 illic
1091 5302 1258 5374 iniuriaque
1272 5318 1338 5358 nero
1352 5304 1411 5375 lego
1424 5305 1494 5373 apud
1505 5300 1654 5375 losepltum
1669 5305 1835 5361 saltatricem
1851 5304 1889 5361 ll-

246 5375 284 5431 ob
305 5375 446 5430 seditionis
460 5377 659 5433 accusationem
673 5378 803 5448 dignitate
820 5377 968 5444 privatum,
993 5375 1036 5433 bie
1090 5371 1155 5428 liam
1171 5375 1196 5427 iu
1212 5374 1338 5429 exsilium
1352 5390 1460 5447 quoque
1474 5383 1581 5443 acmm,
1605 5393 1653 5432 seu
1669 5376 1754 5445 ipsam
1771 5377 1889 5433 eomita-

246 5444 388 5501 avaritiam
409 5445 587 5501 relietueuter
603 5446 802 5521 objurgamina
818 5448 900 5502 Caio:
916 5447 1035 5514 denique
1091 5450 1146 5500 tum
1157 5442 1240 5502 luisse
1251 5456 1381 5510 matrem,
1394 5447 1637 5515 tttsrtbtncrgi,rel
1650 5447 1806 5503 detruncari
1816 5447 1888 5504 ller-

243 5515 281 5572 ibi
304 5514 375 5583 apud
397 5515 559 5587 Lugdunum
574 5519 670 5575 exsilio
685 5521 859 5581 mulctatum,
877 5519 922 5574 bie
944 5529 1033 5572 autern
1088 5513 1130 5569 dac
1144 5517 1284 5584 potuisset.
1301 5515 1366 5586 Quis
1378 5516 1429 5572 seit
1441 5518 1464 5570 si
1481 5517 1506 5571 iu
1523 5518 1724 5574 matrimonium
1739 5516 1803 5573 data
1818 5535 1885 5574 cum

141 5638 143 5649 ,
243 5587 278 5643 ad
294 5585 437 5653 ilispanlas
450 5588 566 5655 legisse,
577 5597 659 5656 atque
673 5590 700 5644 in
716 5591 843 5659 llispania
860 5592 1035 5660 peregriuau·
1085 5584 1200 5655 conjuge
1214 5585 1240 5641 in
1251 5584 1506 5654 Galilaenludreave
1517 5590 1665 5645 manseritt
1676 5588 1785 5644 ilationi
1799 5589 1886 5646 etiam

243 5665 298 5716 tent
313 5672 374 5713 cunr
398 5658 567 5726 llerodiade,
593 5660 753 5716 decessisse.
770 5661 824 5717 Sed
850 5658 979 5729 quidquid
998 5658 1033 5714 dc
1084 5669 1233 5713 consonum
1247 5659 1389 5714 uidebatur
1404 5667 1434 5712 ut
1446 5674 1506 5727 quae
1519 5661 1633 5729 gratius
1647 5660 1673 5716 in
1689 5670 1777 5714 morto
1789 5658 1882 5715 loan-

159 5748 163 5758 ·
242 5729 302 5803 aliis
317 5729 352 5782 sit
365 5729 410 5800 (de
423 5729 522 5801 quibus
537 5745 607 5786 nunc
622 5748 675 5787 nrm
688 5731 767 5802 euro)
781 5732 854 5786 nulla
870 5743 955 5798 pugna
970 5744 1032 5783 usr—
1084 5727 1126 5782 nis
1149 5727 1318 5798 deliquerat,
1344 5744 1423 5797 poetta
1449 5732 1568 5798 graviori
1585 5733 1775 5796 tumultuatum
1800 5746 1885 5790 nemo

240 5797 337 5854 hortun
350 5800 378 5856 iu
393 5803 445 5857 boo
458 5809 570 5857 auctore
585 5804 730 5873 reperitur,
744 5802 815 5872 quod
830 5801 863 5855 ad
880 5801 966 5854 locum
981 5814 1030 5854 es·
1082 5806 1174 5854 autem
1187 5802 1274 5857 nescit
1285 5800 1402 5871 puellum
1412 5810 1493 5870 caput
1507 5801 1651 5870 llaplistae,
1664 5817 1717 5856 non
1732 5803 1784 5856 uisi
1795 5817 1811 5858 tt
1821 5805 1886 5874 pel-

235 5867 293 5930 tilii
308 5881 412 5942 spectat
424 5888 432 5930 a
451 5873 555 5946 quippe
568 5887 630 5930 curn
644 5873 678 5932 ad
692 5872 794 5931 Gallias
808 5874 926 5944 primum
940 5868 1029 5928 Roma
1081 5866 1134 5928 lieo
1146 5881 1233 5928 matre
1248 5871 1391 5945 mondum,
1407 5875 1529 5944 petiisse.
1542 5875 1578 5930 At
1590 5871 1624 5932 de
1634 5870 1679 5930 bis
1692 5870 1772 5930 satis.
