4192 6434
204 327 275 403 ἰιι
372 373 377 381 -
743 338 860 398 amm
878 339 970 400 auur
988 339 1120 399 nexrru
1138 335 1346 398 canonican.
1819 333 1877 395 sss

208 482 210 485 >
225 454 260 515 A.
274 451 307 512 C.
324 450 386 513 100.
400 450 495 511 elaris
508 451 645 511 Domitilla
656 452 757 513 Sabina
771 469 840 511 uxor
853 454 895 511 rt.
906 454 1056 514 Clementis
1071 456 1192 514 consulis
1202 470 1253 527 pro
1266 452 1320 510 lide
1334 452 1424 511 oet-isa
1439 460 1492 512 est.
1716 450 1751 508 A.
1763 448 1797 507 lt.
1812 450 1878 509 est.

406 546 566 604 ilirabiliter
580 545 650 604 lides
659 546 759 604 Christi
775 562 823 618 per
837 554 908 604 totas
919 548 1064 623 Hispanias
1073 550 1222 608 dilatatur:
1238 548 1337 605 crescit
1350 562 1482 605 numerus
1494 546 1628 616 bdelium,
1648 557 1700 601 nee

417 640 424 696 l
430 639 628 711 persecutionis
639 638 744 710 gladius
759 639 930 698 debilitatur.
1296 642 1299 650 '

382 789 385 793 .
402 730 548 788 Olaadibus
564 734 591 788 in
605 729 766 803 Carpetania
781 732 919 804 Hispania
934 727 1159 795 Tarraconensis,
1174 726 1224 784 sed
1239 740 1292 783 raon
1311 726 1405 800 procul
1425 726 1591 800 Valentiam,
1607 739 1699 791 trans·
1807 762 1813 770 ·

438 824 484 881 lati
496 833 559 879 stunt
571 825 613 896 (nt
629 825 740 897 quidam
754 824 861 896 rolnnt)
874 832 903 881 ιι
915 822 1017 880 ibidem
1032 821 1115 892 passi,
1131 818 1285 876 Alexander
1301 818 1380 874 miles
1402 830 1430 876 et
1449 822 1585 878 Antonine
1607 824 1695 896 uirga,

436 932 465 972 ιιι
481 916 542 972 idus
556 916 669 987 Aprilis,
684 917 730 988 qui
743 917 778 973 de
792 914 1029 986 Constantinopoli
1044 914 1097 969 hnc
1106 920 1255 979 venerant,
1267 921 1296 968 et
1309 912 1437 969 coluntur
1447 914 1695 988 Constantinopoli,

438 1019 467 1065 nt
479 1010 565 1078 eires,
583 1012 645 1067 ticet
664 1010 729 1066 alibi
744 1009 818 1082 passi
837 1012 893 1067 sint
907 1009 1014 1067 illustre
1032 1006 1209 1080 martyriunm
1224 1020 1343 1079 quorum
1355 1013 1417 1063 aeta
1435 1008 1536 1079 passim
1553 1008 1698 1079 habentur,
1807 994 1810 1002 ’

436 1110 466 1161 ut
479 1104 587 1175 publiea
599 1102 653 1161 lide
667 1104 747 1161 lacta.

832 1239 961 1299 bliaut!
980 1237 1265 1298 COMMENTARIUS.

222 1382 298 1439 tbeus
319 1383 361 1437 cui
377 1399 391 1439 e
410 1383 489 1439 istola
502 1385 558 1440 brec
573 1396 611 1442 ιιι
621 1388 719 1459 scripta
733 1387 784 1443 'ant
800 1387 829 1442 in
838 1388 903 1443 sinis
917 1406 972 1444 esse
986 1388 1028 1443 de·
1042 1388 1066 1449 A
1079 1386 1197 1458 egimus,
1214 1388 1282 1443 satis
1300 1402 1436 1457 superque
1450 1386 1484 1441 de
1499 1387 1561 1443 ddei
1574 1388 1734 1446 dilatatione
1750 1405 1798 1461 per
1811 1391 1875 1448 llis·

222 1456 315 1536 sierat.
327 1401 524 1511 ilauthdobium
536 1458 599 1540 quin
612 1406 746 1539 einsmash
758 1459 875 1530 epistola
889 1460 950 1514 liiri
963 1460 1028 1515 Oio-
1080 1463 1175 1527 panias
1202 1458 1324 1540 dietum.
1338 1529 1343 1541 ι
1358 1458 1448 1513 Facile
1473 1460 1555 1542 etiam
1582 1459 1678 1544 dedisci
1710 1462 1831 1546 poterit,
1851 1463 1876 1519 si

222 1530 886 1669 llrildllnlllllrllllllbltdt?
901 1529 1027 1655 baelil
1080 1543 1194 1667 bille
1209 1529 1876 1668 blattariarltlltlllllllldllldb:

220 1666 356 1737 operibus
375 1669 515 1750 deperiit,
534 1670 665 1726 uidelicet
690 1686 751 1726 eum
777 1669 850 1725 libro
875 1670 1028 1725 Oiuinorum
1080 1671 1218 1751 heremus,
1231 1669 1320 1724 ‘litum
1333 1670 1476 1739 uidelicet,
1492 1670 1668 1741 Onesimum,
1683 1673 1874 1742 Saturninum,

220 1735 390 1805 bpmnorum,
411 1752 490 1807 carpus
515 1751 604 1795 exstat
626 1742 798 1795 memoriae.
818 1741 846 1805 l,
863 1741 898 1796 de
917 1740 1027 1797 Coeiesti
1079 1738 1250 1809 Philippum,
1272 1740 1462 1806 Philothcum,
1483 1742 1653 1811 Frentinum,
1676 1744 1788 1799 Paulum
1812 1746 1876 1802 Ser-

221 1806 1025 1884 llierar.;eteumlibrodeSpnrbolicaYbeaioqiacitato,
1096 1811 1166 1875 ium,
1196 1810 1313 1865 Probum
1338 1809 1498 1876 Paternum,
1521 1813 1647 1879 Rullum,
1673 1814 1873 1884 Alexandrum,

222 1891 286 1945 cap.
305 1878 339 1933 15
353 1878 507 1935 deCoelest.
521 1880 639 1945 hierar..
657 1894 684 1935 et
697 1898 758 1952 cap.
775 1882 787 1935 1
804 1893 830 1937 ιι
846 1884 879 1936 lb
890 1882 924 1935 de
937 1883 1023 1937 Oirin.
1113 1880 1244 1945 cundum,
1270 1878 1466 1951 Theodosium,
1491 1883 1640 1952 Ouidium,
1654 1884 1688 1939 de
1703 1885 1801 1956 quibos
1817 1889 1874 1958 jam

217 1964 312 2015 nom„
325 1959 353 2005 et
368 1965 428 2018 cap.
444 1950 629 2021 bdelllpstica
643 1951 797 2022 Theolopia,
810 1960 837 2005 et
849 1953 876 2006 iu
891 1952 976 2020 Epist.
991 1951 1025 2007 ad
1077 1949 1197 2006 diximus
1206 1952 1263 2007 suis
1278 1951 1356 2007 lucis.

216 2019 331 2074 Titium:
348 2029 452 2076 etcum
471 2021 539 2075 libro
553 2022 585 2075 de
604 2021 834 2095 intelligibilibus,
849 2031 873 2077 et
889 2022 1025 2079 sensibili·
1113 2022 1153 2077 Oe
1171 2023 1359 2093 persecutione
1376 2023 1403 2079 in
1423 2022 1596 2080 Christianos
1609 2034 1666 2081 toto
1683 2026 1750 2082 orbe
1769 2026 1874 2097 degen-

216 2090 281 2156 ιιι,
305 2092 387 2146 citato
409 2091 436 2145 in
459 2106 518 2159 cap.
537 2092 550 2145 l
571 2103 599 2147 et
619 2093 757 2148 aculem
775 2093 902 2159 l‘lierar.;
919 2103 946 2149 et
961 2109 1024 2149 enm
1076 2100 1193 2164 tesqua
1208 2094 1287 2148 tertia
1303 2095 1353 2149 luit
1370 2096 1396 2150 in
1409 2095 1553 2159 ordine,a
1572 2096 1703 2165 Traiano,
1724 2097 1801 2154 initio
1814 2098 1874 2154 ior-

218 2161 295 2216 libro
321 2162 353 2215 ile
376 2161 477 2233 hepati,
493 2178 538 2215 seu
559 2163 716 2217 secmentati
736 2163 914 2230 llierarclria,
940 2164 1025 2221 citato
1077 2164 1145 2233 perii
1167 2169 1209 2219 ιιι
1223 2180 1265 2221 ete
1287 2174 1312 2219 ta
1332 2167 1386 2237 agit
1400 2166 1503 2221 Plinius
1518 2168 1655 2224 secundus
1676 2166 1723 2223 lib.
1741 2168 1872 2239 prist.,

219 2246 284 2297 enp.
300 2232 317 2286 3
333 2232 439 2287 Eccles.
461 2232 565 2286 llierar.
580 2249 586 2297 ;
604 2245 630 2289 et
646 2250 707 2289 ιιιιιι
725 2235 794 2289 libro
808 2234 1025 2308 Theoloqicarum
1076 2234 1158 2303 epist.
1172 2235 1224 2303 07,
1239 2251 1253 2289 a
1287 2236 1376 2304 ipsum
1390 2237 1537 2307 Traianum
1556 2239 1620 2295 dura
1634 2240 1691 2295 ait:
1709 2239 1873 2296 Christiano·

219 2300 450 2427 Hypapposeon,
467 2304 556 2358 relato
568 2319 629 2373 cap.
648 2305 659 2360 l
676 2315 705 2360 et
721 2305 738 2359 E
753 2305 787 2361 de
803 2306 892 2361 Dicin.
908 2321 982 2361 nom.
997 2316 1025 2363 et
1075 2320 1145 2373 rum,
1159 2307 1205 2378 qui
1226 2324 1243 2359 u
1261 2306 1312 2370 fide
1326 2308 1497 2370 desciuerant,
1513 2307 1580 2363 alios
1594 2320 1654 2365 ante
1672 2311 1813 2364 triennium
1831 2310 1872 2382 (id

220 2387 284 2443 cap.
349 2373 469 2444 tlysnca
493 2373 646 2442 stretton,
667 2386 695 2431 et
709 2391 772 2431 cum
798 2377 846 2431 lib.
864 2377 896 2431 de
919 2377 1023 2443 Anima,
1076 2386 1129 2442 ιιι,
1158 2377 1236 2431 initio
1256 2376 1365 2447 Traiani
1392 2378 1515 2448 imperii,
1541 2389 1570 2433 ut
1593 2380 1726 2434 baronius
1749 2383 1872 2451 exponit)

220 2444 465 2517 quemreierteap.
482 2444 544 2500 lde
558 2445 645 2502 Oirin.
659 2461 746 2511 nom,
763 2457 865 2502 etcum
879 2446 1025 2502 lihdedi·
1076 2446 1143 2500 olias
1158 2463 1216 2501 nera
1236 2458 1297 2501 arne
1319 2465 1401 2502 anctos
1416 2448 1505 2517 plures
1521 2448 1584 2518 (suh
1606 2448 1770 2519 Domitiano)
1784 2449 1872 2521 plures

219 2515 282 2596 aina
287 2515 411 2598 justeque
426 2514 548 2586 judicia,
561 2531 594 2573 ex
610 2518 706 2599 eodem
723 2531 748 2572 e.
762 2519 791 2599 4.
807 2518 876 2585 Quid
889 2519 988 2600 snirum
1001 2519 1025 2575 si
1076 2517 1154 2571 etiam
1177 2527 1237 2572 onte
1260 2518 1390 2600 biennium
1413 2518 1546 2587 (Neronis
1572 2519 1763 2587 perseeutione
1782 2520 1873 2602 adhue

220 2587 338 2712 atilli
351 2586 1024 2732 ’1151101011111οῗ.00111111011111
1076 2587 1871 2729 bltlllllblllltllll‘llltdlllltllttllll

220 2725 258 2781 de
278 2728 457 2796 passionali.
484 2728 608 2800 Eutropii
629 2730 694 2786 socii
715 2730 769 2797 sui,
796 2746 874 2797 quern
898 2730 1021 2789 Calintus
1077 2731 1295 2796 persecutionem
1310 2731 1576 2797 initiumsmnpsisse
1589 2732 1740 2788 corruendlt.
1758 2732 1796 2789 Oe
1810 2733 1869 2801 ipso

221 2797 331 2867 papali
350 2798 584 2869 Constantinopoli
605 2799 700 2856 Gracc
719 2809 862 2856 sonantem
879 2812 1018 2870 repertum
1037 2771 1163 2854 BPlinio
1185 2800 1321 2867 seeundo,
1337 2804 1381 2872 qni
1403 2816 1453 2871 pro
1468 2798 1577 2858 Christo
1592 2803 1677 2859 etiam
1697 2818 1795 2874 passus
1810 2817 1871 2861 ere·

219 2868 366 2925 Latinitate
387 2870 508 2925 donarit.
529 2871 626 2927 Exstat
643 2886 711 2926 uero
724 2872 795 2943 apud
811 2871 888 2927 Vine.
911 2873 1018 2927 llelrae.
1073 2870 1145 2927 ditm
1157 2874 1222 2936 anit,
1236 2873 1337 2927 Dexter
1347 2873 1380 2927 ad
1394 2889 1458 2928 ants.
1470 2873 1534 2929 aab.

220 2940 249 2993 in
269 2940 379 3007 Specul.
404 2940 508 2997 ilistor.
529 2942 578 2997 lib.
594 2958 620 3007 ιι,
640 2958 690 3012 cap
705 2943 750 3008 18,
771 2943 849 2998 titulo
872 2941 912 2998 lie
932 2944 1020 2999 codice
1109 2941 1152 2997 11.
1168 2943 1309 2997 olcadibus
1327 2952 1381 3000 ete.
1396 2944 1429 2998 ’1.
1450 2943 1553 3009 Liuius,
1569 2943 1618 2998 lib.
1634 2959 1702 3006 xxx.
1722 2954 1871 3002 auctorest

219 3012 352 3082 passionis
372 3012 403 3067 S.
426 3010 510 3067 Eutra
530 3013 559 3067 ii.
575 3013 696 3069 heddam
715 3012 847 3070 vincentii
860 3013 942 3069 rerba
956 3031 1017 3071 etrtn
1072 3011 1233 3069 Annibalem
1252 3015 1493 3086 Carthaginensem
1508 3015 1673 3085 Saguntinos
1695 3024 1867 3087 oppugnato-

220 3081 432 3163 cnapiteeotlicis,
444 3032 555 3154 quotfin
567 3099 600 3139 eo
613 3086 757 3155 perspicue
767 3094 906 3142 assereret
918 3085 1020 3157 hiony·
1071 3098 1131 3139 rum
1145 3127 1152 3153 ‚
1172 3084 1200 3140 in
1215 3083 1345 3141 Olcadum
1367 3085 1435 3140 latres
1455 3086 1529 3155 prius
1545 3087 1684 3141 induxisse
1698 3089 1868 3152 ιιιιιιιιιιιις

218 3165 278 3208 srrts
298 3152 386 3210 luisse
397 3153 516 3211 Athenis
534 3163 644 3221 natum,
664 3166 693 3211 et
708 3156 885 3211 nibilominus
898 3156 1017 3212 Parisio·
1071 3154 1164 3225 ibique
1178 3155 1211 3211 de
1221 3154 1352 3210 Olcadum
1368 3157 1469 3211 linibus
1480 3172 1512 3210 ιι
1524 3155 1577 3212 situ
1592 3158 1632 3211 sie
1646 3158 1706 3210 ait:
1723 3155 1869 3211 Ultralbe-

219 3237 282 3277 rum
304 3238 367 3280 esse
386 3226 566 3295 episcopum:
591 3225 644 3281 llic
666 3225 700 3280 B.
727 3225 869 3297 Dionysius
888 3227 940 3297 (ait
963 3228 1018 3300 ille)
1071 3241 1130 3278 rum
1146 3241 1177 3278 ea
1191 3241 1252 3296 qens
1264 3227 1292 3278 in
1307 3236 1381 3296 parte
1400 3227 1493 3297 trapis,
1510 3242 1586 3295 quam
1600 3226 1627 3279 in
1645 3227 1743 3279 ditione
1758 3227 1868 3279 Cartba-

218 3291 254 3348 B.
273 3293 393 3368 Eutropii
406 3297 552 3362 consocius,
569 3312 599 3350 ac
611 3295 776 3351 Parisiorum
789 3297 898 3370 praesul,
915 3299 1019 3365 pastio·
1071 3295 1216 3366 pinensium
1246 3305 1312 3350 erat.
1343 3294 1470 3349 Carteiam
1498 3295 1587 3349 urbem
1614 3296 1764 3367 opulentam
1788 3306 1868 3364 eaput

219 3380 279 3419 trent
296 3367 352 3435 ejus
368 3368 460 3422 litteris
479 3365 577 3423 Grecis
597 3369 725 3434 scripsit:
747 3378 772 3421 et
794 3368 942 3437 parentibus
965 3369 1019 3423 suis
1071 3366 1155 3433 pentir
1169 3369 1226 3438 ejus
1238 3378 1382 3438 eapttprtttls
1404 3365 1545 3437 00000106
1558 3381 1567 3418 ·'
1582 3382 1635 3439 <1¹⁴0
1657 3374 1725 3420 melu
1741 3368 1869 3438 perculite

220 3435 259 3506 (ie
273 3446 326 3505 est,
342 3437 565 3509 eortsanqnineis)
576 3439 602 3492 in
623 3438 724 3494 Crcecia
738 3440 781 3509 qui
791 3442 851 3510 jam
871 3439 897 3491 in
915 3437 1019 3494 Christo
1071 3437 1184 3491 minares
1206 3440 1332 3502 ciuitates,
1349 3437 1478 3508 stipendio
1498 3439 1631 3508 imposito,
1643 3435 1784 3506 imperium
1796 3454 1871 3493 acce·

220 3508 370 3574 credebant,
382 3525 544 3581 permenam
557 3508 588 3563 B.
601 3508 737 3564 Cienrentis
768 3509 1018 3580 aperirisit5qrtarrt
1071 3522 1150 3577 pere,·
1172 3507 1334 3576 subditque:
1356 3507 1422 3563 Vere
1440 3509 1522 3579 primo
1538 3511 1565 3561 irs
1583 3507 1704 3563 Vaccaeos
1723 3520 1868 3579 permotum

219 3577 319 3633 seilicet
342 3582 489 3651 passionem
507 3579 624 3636 Calistus
646 3597 715 3650 papa
739 3528 771 3634 J}
793 3579 1018 3653 Constantinopoli
1071 3577 1163 3631 bellum
1177 3595 1187 3633 .·
1202 3578 1391 3645 Hermandica,
1408 3589 1432 3633 et
1446 3579 1575 3634 Arbocala
1586 3578 1767 3635 Cartheiorusn
1779 3583 1867 3648 urbes,

219 3647 247 3702 t'n
261 3648 354 3704 sedala
368 3650 519 3705 Grecorum
530 3652 558 3705 in
571 3653 682 3719 quodam
699 3652 787 3706 codice
796 3652 947 3724 passionem
960 3653 1019 3723 plu·
1070 3648 1094 3702 ni
1109 3658 1201 3720 copta.
1216 3650 1255 3705 Ab
1272 3649 1448 3705 lierrrrondica
1462 3655 1540 3724 prosu
1561 3653 1578 3717 i,
1595 3650 1726 3706 exsulibus
1739 3651 1867 3705 Olcadum

220 3719 347 3774 rimorum
377 3731 525 3777 sanctarum
551 3732 695 3792 martyrum
716 3723 778 3776 alim
798 3722 915 3793 reperit,
940 3734 964 3776 ιι
986 3739 1018 3777 rc
1069 3735 1128 3773 cum
1153 3737 1181 3774 se
1196 3724 1363 3792 junxissent,
1382 3724 1512 3777 conatam
1534 3669 1710 3794 Carpetanos:
1732 3722 1868 3792 adortique

220 3786 314 3846 erere
327 3792 355 3847 in
369 3790 493 3847 Latinum
507 3792 605 3857 edicta
616 3800 653 3846 ιιι
664 3793 790 3864 incipiens
805 3810 815 3848 .·
1070 3789 1222 3844 Annibalem
1244 3808 1389 3863 repressum
1410 3808 1442 3846 ea
1460 3792 1572 3848 Vaccais
1596 3790 1669 3844 baud
1683 3793 1774 3861 praem
1794 3791 1868 3862 Topo

255 3860 441 3919 ileeerendr'ss.
472 3863 546 3918 Patri
569 3861 694 3919 Clementi
723 3864 865 3936 Dionysius
891 3864 1016 3932 antistes,
1069 3862 1193 3930 dantiae,
1218 3878 1310 3934 apmen
1328 3879 1405 3934 praue
1423 3863 1512 3929 proeda
1534 3863 1677 3915 turbauere.
1708 3861 1868 3931 Carpetana·

221 3934 344 4004 prosapia
363 3931 486 4002 Graecus,
502 3934 561 3990 Sal.
581 3935 609 3990 in
624 3935 736 3990 Christo.
757 3933 928 4006 Eutropium,
942 3951 1018 4004 quem
1070 3947 1129 3984 rum
1143 3947 1201 3985 cum
1215 3933 1401 4000 appendicibus
1416 3930 1556 3996 Olcadum,
1572 3930 1789 4002 Vaccaeorumque
1804 3946 1865 3987 cen·

220 4003 411 4060 mecuminbis
426 4005 527 4060 arisati
542 4007 739 4076 praedicandum
751 4021 844 4059 namen
860 4005 955 4060 Christi
966 4009 1018 4059 mi·
1071 4009 1125 4055 tum
1145 4001 1228 4056 millia
1242 4000 1279 4070 (hi
1305 4018 1337 4056 ex
1360 4001 1535 4057 llelmandiea
1558 4012 1586 4057 ut
1609 4001 1757 4072 plurimum
1774 4012 1864 4070 erant,

219 4074 292 4140 sisti,
314 4077 435 4147 martyrii
459 4092 581 4131 coronam
601 4094 648 4148 per
672 4092 763 4130 mantus
788 4076 925 4147 qentilium
945 4077 1018 4143 apud
1070 4088 1151 4141 tetram
1172 4088 1243 4128 nune
1257 4071 1450 4128 salmanticam
1464 4071 1592 4137 dicimus,
1607 4088 1642 4128 ex
1655 4071 1785 4128 'lurneho
1800 4072 1819 4128 1.
1836 4089 1865 4130 ιιι

219 4142 362 4201 Kantanos
381 4148 559 4203 urbemurbis
584 4148 766 4216 notificamus,
783 4162 830 4219 pra
843 4146 946 4201 Domini
966 4148 1053 4213 tidec
1070 4142 1260 4200 Animaduers.
1283 4159 1343 4212 cap.
1358 4145 1392 4200 ι8
1415 4153 1443 4199 ιι
1465 4143 1604 4200 Godelero
1624 4144 1651 4199 in
1667 4141 1744 4199 Notis
1763 4143 1797 4199 ad
1821 4144 1865 4200 tr·

218 4218 361 4288 erupisse.
377 4216 545 4291 Quapropter
560 4216 747 4273 Paternitatem
758 4225 867 4271 uestram
884 4217 1016 4272 ltunriliter
1070 4216 1156 4285 sinin)
1167 4219 1257 4285 suere,·
1272 4217 1367 4270 inuicta
1379 4216 1460 4280 acies,
1471 4217 1492 4270 si
1506 4232 1578 4285 equa
1588 4214 1864 4285 dimicaretureampo.

217 4302 315 4353 exoro,
334 4297 362 4341 ut
379 4291 447 4343 bunc
463 4291 594 4360 passionis
610 4293 667 4361 ejus
687 4289 801 4342 codicem
818 4290 1017 4360 cansaupnineis
1070 4284 1146 4340 hicet
1171 4287 1234 4342 hine
1255 4286 1370 4354 inlerre,
1397 4285 1510 4341 Olcades
1539 4287 1610 4342 sicut
1631 4286 1712 4341 etiam
1739 4284 1866 4342 iacemus

218 4358 297 4423 meis,
312 4365 337 4410 et
348 4361 425 4427 natis,
436 4368 459 4415 ιι
474 4359 692 4430 amicisfidelibus
703 4356 846 4415 inGracia
857 4361 920 4428 oris,
934 4362 1016 4413 Arbe-
1068 4356 1229 4425 Carpetauis
1244 4358 1373 4413 finitimos
1394 4359 1486 4423 luisse,
1504 4363 1598 4425 utpote
1613 4357 1658 4425 qui
1680 4357 1706 4409 in
1726 4353 1817 4425 iopam
1831 4357 1866 4413 ab

217 4429 261 4481 nis
272 4428 511 4502 praecipue,quom
525 4432 602 4487 citius
616 4431 745 4503 poteritis,
762 4432 863 4485 mittere
878 4447 928 4484 non
942 4429 1019 4498 diffe—
1069 4428 1203 4484 Annibale
1228 4428 1284 4484 dati
1308 4429 1340 4482 ad
1366 4427 1534 4498 Carpetanos
1555 4426 1768 4496 transfugeriut,
1793 4426 1865 4482 haud

217 4501 305 4565 ratis,·
320 4510 445 4571 quatenus
466 4502 522 4568 illi,
538 4503 582 4572 qui
597 4520 614 4556 ι
632 4500 664 4555 Β.
681 4500 767 4555 Paulo
787 4516 860 4555 storto
879 4517 1016 4573 reqenera-
1068 4498 1181 4554 dnbium
1196 4502 1261 4569 quin
1284 4499 1407 4554 cortines
1424 4513 1499 4553 suna.
1516 4496 1688 4553 Nebrisensrs
1699 4497 1864 4552 existimarit

216 4571 300 4624 tionis
315 4571 445 4626 laconum
458 4590 509 4627 rma
525 4589 625 4627 naccum
640 4582 803 4644 acceperunt,
818 4588 876 4625 cum
887 4574 1017 4627 audierint
1068 4567 1186 4625 Olcades
1208 4572 1242 4623 ad
1261 4586 1321 4624 eam
1338 4580 1440 4640 partem
1463 4568 1677 4638 Carpetanorum
1701 4567 1864 4647 exstitisse,

215 4640 364 4711 piariosunr
385 4653 523 4715 martyrem
541 4659 588 4715 pra
606 4639 703 4696 Christi
717 4642 770 4711 pide
785 4643 914 4697 crudelem
931 4660 1018 4697 necem
1068 4656 1121 4710 qna
1145 4654 1216 4694 nunc
1233 4640 1322 4693 Ocana
1337 4650 1394 4708 est,
1411 4655 1528 4706 eurnqne
1548 4641 1634 4694 secuti
1656 4647 1719 4692 sunt
1742 4636 1864 4716 haitana

215 4712 339 4778 subiisse,
364 4716 494 4786 pendeant
515 4732 542 4769 se
561 4712 743 4768 tribulationes
769 4722 792 4768 et
814 4715 950 4787 anqustias
969 4731 1016 4783 pro
1069 4713 1096 4765 in
1111 4710 1227 4765 ilistoria
1241 4709 1378 4777 Hispani-n
1394 4720 1420 4763 et
1433 4707 1502 4765 Lod.
1518 4708 1621 4763 Neruius
1632 4707 1659 4761 in
1673 4721 1721 4760 sua
1736 4704 1864 4775 Hispania

216 4781 320 4837 Christi
335 4787 439 4842 nomine
449 4786 611 4841 substetisse.
1069 4796 1095 4835 c.
1111 4781 1163 4846 41,
1182 4792 1209 4834 ιι
1226 4781 1298 4850 quad
1317 4781 1424 4834 caeteris
1439 4786 1566 4848 praestat,
1588 4777 1718 4832 babemus
1741 4790 1864 4859 praesens

254 4853 297 4909 Ad
316 4855 419 4911 calcem
438 4874 550 4914 monere
569 4870 713 4912 necessum
736 4863 789 4919 est,
810 4870 864 4909 uon
885 4855 946 4912 idco
966 4855 1016 4911 hoe
1069 4853 1162 4908 Oestri
1182 4851 1458 4921 testimoniumque
1479 4849 1595 4905 Olcades
1611 4863 1674 4918 pars
1693 4846 1864 4917 Carpetania

215 4940 291 4981 anno
309 4925 360 4982 100
375 4930 462 4997 egisse
485 4929 614 4984 Dextrum
638 4928 672 4983 de
695 4926 771 4980 libris
790 4925 922 4997 Dionysii,
939 4928 1017 4997 quasi
1068 4923 1207 4979 dicuntur.
1226 4923 1406 4979 Corrseutiunt
1425 4919 1501 4976 lirio
1515 4920 1675 4976 Plutarchus
1693 4927 1720 4975 et
1736 4919 1865 4991 Polybius

215 5013 251 5051 eo
266 5010 340 5052 anno
351 5000 445 5069 scripti
458 5000 513 5057 sint
527 5018 533 5052 :
545 5009 652 5054 constat
662 4997 734 5053 enirn
749 5008 810 5067 post
825 4997 877 5051 100
886 5001 1016 5069 urrartyrio
1068 4992 1117 5049 lib.
1133 5011 1173 5059 ru,
1194 4995 1270 5050 solus
1294 4994 1420 5065 displicet
1433 4992 1586 5062 Stephanns
1611 4991 1775 5074 Byrantinus
1794 4990 1863 5047 Car·

215 5068 247 5125 S.
265 5066 365 5138 lgnatii
380 5071 517 5127 celebrem
545 5072 662 5136 scriptos
675 5067 779 5124 luisse:
795 5067 842 5122 scd
856 5069 917 5137 quia
933 5069 1016 5124 semel
1069 5066 1170 5123 tlxeiam
1190 5064 1322 5122 Olcadum
1337 5076 1431 5135 caput.
1452 5065 1525 5118 illam
1541 5077 1601 5119 esse
1620 5075 1863 5134 existimans,qnm

216 5140 252 5193 de
268 5140 409 5211 biorrysio‚
422 5142 586 5197 etllarecllo
599 5140 721 5212 Eugenio
733 5154 890 5195 sermonem
907 5138 1016 5205 inierat,
1069 5153 1122 5192 non
1138 5140 1242 5209 langen
1257 5152 1326 5192 noua
1341 5135 1506 5208 Cartbagine
1518 5136 1571 5189 sita
1582 5142 1635 5198 est,
1650 5146 1712 5189 curn
1726 5136 1807 5205 longe
1822 5134 1864 5189 di·

217 5210 323 5279 placuit
348 5212 400 5268 lxoe
420 5212 454 5268 de
475 5214 530 5268 illis
547 5212 683 5276 inserere3
708 5213 862 5280 praesertim
884 5211 1015 5279 quianon
1069 5224 1155 5264 uersus
1169 5210 1306 5263 sintinter
1326 5222 1366 5263 se.
1707 5275 1714 5288 ι

218 5281 289 5336 dixit
304 5282 356 5338 boc
371 5285 475 5338 annoid
491 5285 636 5349 accidisse,
657 5281 706 5337 sed
721 5279 959 5351 perhorremus,
976 5280 1017 5335 ni·
1104 5280 1132 5334 lu
1146 5280 1291 5334 Olcadihus
1306 5278 1401 5349 igitur,
1419 5287 1488 5333 teste
1502 5277 1614 5341 Dextro,
1629 5284 1714 5330 sanctu
1730 5282 1865 5346 martyres

219 5353 320 5407 mirum
334 5354 470 5427 principio
484 5355 597 5412 seeutsdi
608 5351 760 5411 centenarii
771 5366 903 5408 annornm
915 5352 1016 5409 Christi
1069 5349 1295 5420 Antoninnurgo,
1306 5361 1334 5404 et
1348 5348 1502 5405 Alexander
1515 5350 1591 5404 miles
1604 5363 1652 5429 pro
1666 5344 1775 5429 Christo
1790 5345 1864 5429 passi

219 5422 341 5481 homini.
1069 5429 1149 5486 sunt,
1172 5420 1235 5476 licet
1255 5422 1301 5476 alii
1318 5421 1473 5476 existimant
1495 5420 1728 5487 Constantinopoli
1741 5431 1863 5479 nectens,

257 5493 302 5550 11.
328 5495 375 5552 r't.
405 5495 553 5565 Domitilla,
577 5505 632 5552 ete.
655 5494 766 5564 Egimus
789 5492 824 5551 de
845 5495 891 5550 illa
912 5494 946 5551 ad
968 5510 1017 5550 an·
1069 5508 1123 5563 quo
1136 5493 1186 5547 loei
1200 5493 1267 5547 leste
1281 5492 1339 5548 dies
1349 5492 1493 5561 quotannis
1513 5489 1578 5559 ipsis
1592 5488 1798 5554 celebrabatur,
1817 5501 1864 5541 re·

220 5580 287 5620 num
297 5565 346 5632 01,
361 5582 423 5624 cum
438 5569 472 5624 de
484 5569 543 5637 ejus
563 5577 644 5639 nepte
662 5565 795 5622 Domitilln
811 5580 964 5620 sermonem
980 5568 1017 5621 in·
1029 5534 1057 5595 Ῑ)
1070 5565 1108 5619 ιιι
1127 5565 1285 5620 conciribus
1305 5563 1372 5618 stris.
1398 5563 1493 5618 blirurn
1513 5571 1602 5617 autem
1617 5575 1678 5615 esse
1692 5556 1863 5637 nondebct,

220 5636 410 5695 stitueremus.
435 5640 518 5695 Addit
542 5639 594 5695 hoe
612 5639 672 5695 leco
692 5638 792 5692 Denter
805 5637 918 5692 atterum
937 5635 1015 5706 hujus
1069 5635 1141 5705 quod
1153 5635 1218 5691 inibi
1234 5636 1300 5703 uati,
1314 5637 1341 5690 iu
1355 5634 1480 5706 llispania
1494 5633 1576 5688 oecisi
1589 5632 1660 5695 sint;
1675 5630 1700 5711 id
1715 5642 1787 5708 enum
1797 5639 1863 5747 Bet·-

221 5706 370 5766 Oomitillae
389 5709 431 5765 rt.
446 5711 597 5767 Clementis
610 5709 731 5766 eorssnlis
745 5708 839 5763 uxoris
852 5722 1013 5778 coquornen,
1069 5700 1785 5781 secutionistemporesrepeeoutigit,nthrrstrarrx
1819 5708 1862 5775 mc

220 5778 328 5836 seilicet
342 5781 479 5846 Sabinam,
491 5798 546 5850 qno
560 5782 595 5835 ah
609 5781 660 5836 alin
676 5779 806 5849 distingui
820 5790 910 5848 queat.
1069 5777 1132 5833 inde
1158 5780 1305 5849 uxigrarent
1320 5796 1326 5832 :
1342 5779 1376 5834 de
1395 5792 1448 5848 spuo
1467 5775 1533 5831 satis
1551 5774 1634 5828 rrrttlta
1652 5770 1724 5824 dicta
1747 5780 1762 5818 a
1783 5763 1863 5821 nolus

219 5901 236 5927 „
257 5851 302 5909 15.
319 5852 487 5924 ilirabiliter,
502 5864 555 5911 etc.
571 5853 638 5910 Cum
650 5852 685 5909 de
700 5850 838 5909 spiraculis
858 5849 888 5908 5,
902 5847 1015 5920 Eugenii
1069 5860 1131 5906 sunt
1151 5849 1178 5906 iu
1205 5852 1401 5920 superioribus.
1424 5848 1539 5905 Etslunl
1563 5845 1685 5913 ipserum
1709 5844 1769 5894 ³⁶¹²
1789 5837 1862 5908 0000
