4192 6434
428 384 537 444 ⁰69

428 597 648 659 sciunt;
695 600 790 648 aut
818 589 864 622 ⁸⁸
891 588 1262 646 misericordis
1305 591 1632 646 reverentiae
1680 589 2021 661 contempla·

431 686 581 743 tione
601 727 616 750 ,
645 684 691 741 si
723 683 993 740 nesciunt.
1025 682 1189 754 igitur
1219 681 1426 738 Marius
1454 698 1577 738 cum
1610 681 2023 739 interfectorum

430 778 631 835 civium
658 776 837 848 capita
862 817 877 843 ,
907 776 1055 832 illata
1103 773 1373 830 conviviis
1394 816 1408 842 ,
1437 773 1616 831 oblata
1646 774 1693 807 ⁸⁵
1721 774 2023 845 CapitoliiS,

432 871 480 904 ³⁸
501 869 700 927 collata
731 867 923 924 rostris
945 913 959 939 ,
994 866 1062 923 ad
1088 867 1460 937 spectaculum
1492 876 1857 937 ornatumque
1898 881 2030 923 con·

430 969 671 1034 gereret,
702 975 766 1016 ae
795 959 1086 1029 septimum
1118 959 1460 1014 consulatum
1488 959 1533 990 ³⁶
1555 973 1678 1015 cum
1704 958 1877 1013 Cinna
1915 967 2028 1014 ter·

431 1054 568 1112 tium
596 1052 822 1109 consule
848 1051 1220 1122 pervasisset,
1253 1052 1307 1106 iu
1336 1049 1563 1107 exordio
1588 1050 1893 1107 consularis
1922 1049 2028 1105 im·

431 1148 572 1221 perii
605 1161 727 1204 sera
761 1144 978 1201 tandem
1013 1154 1188 1200 morte
1218 1155 1524 1215 praereptus
1551 1152 1655 1199 est.
1689 1143 1895 1211 Cinna,
1929 1143 2030 1198 ho-

434 1256 629 1299 norum
670 1254 864 1308 neces,
897 1239 1163 1294 malorum
1204 1237 1353 1294 caede
1392 1237 1689 1309 supplevit.
1739 1237 1872 1293 Nam
1906 1252 2028 1293 cum

432 1333 478 1366 ⁸⁷
508 1332 819 1389 introducta
868 1346 964 1402 per
1000 1330 1228 1385 Marium
1263 1328 1619 1401 fugitivorum
1649 1345 1846 1385 manus
1885 1330 2024 1385 insa·

434 1424 639 1482 tiabilis
669 1421 952 1495 praedandi
982 1431 1128 1479 esset
1151 1462 1167 1489 ,
1207 1421 1518 1493 nullamque
1549 1431 1755 1492 partem
1796 1420 2032 1476 auctori·

434 1514 540 1574 bus
582 1514 782 1585 prardae
831 1512 1153 1570 consulibus
1187 1511 1553 1580 ministraret,
1590 1513 1642 1567 in
1672 1510 1849 1566 surum
1879 1512 2032 1583 quasi

435 1607 694 1678 stipendii
740 1621 911 1663 causa
961 1605 1293 1672 sollicitata,
1338 1603 1709 1675 militibusque
1740 1602 2035 1677 meir-

439 1700 721 1768 cumdata,
743 1698 968 1755 inermis
997 1697 1263 1755 exstincta
1294 1705 1398 1752 est.
1419 1696 1567 1752 Caesa
1597 1705 1722 1753 sunt
1752 1697 1839 1751 illa
1869 1696 1957 1752 die
1978 1698 2032 1752 in

436 1793 558 1851 foro
574 1793 735 1851 Urbis
754 1800 880 1849 octo
901 1790 1067 1847 millia
1092 1788 1472 1861 fugitivorum:
1502 1788 1756 1862 idemque
1773 1789 1819 1821 ⁸⁸
1833 1788 2028 1858 Cinna,

1486 373 1961 435 tttstontattuat
1999 374 2205 432 untia
2247 375 2309 429 V.
2341 375 2493 432 (231³.
2530 376 2650 432 XX.

429 497 749 570 exaggerari
775 539 791 562 ,
836 503 930 553 aut
957 494 1278 552 sufficientis
1306 495 1515 553 notitia:
1542 496 1916 554 moderatione
1935 538 1949 562 ,
1983 496 2028 552 si
2058 498 2106 559 Α

3619 373 3726 434 9ῗο

2734 492 2964 552 CAPUT
3003 493 3124 551 XX.

2135 612 2407 681 Quomodo
2436 612 2594 671 Sulla
2619 631 2653 668 a
2687 613 3009 669 senatoribus
3029 620 3296 669 revocatus
3326 611 3485 695 [uerit
3513 614 3582 668 ud
3611 616 3734 669 sub·

2204 686 2507 741 veniendum
2533 685 2751 758 perdita?
2779 685 2963 755 patriae
2986 727 3000 754 ,
3048 700 3279 757 quosque
3321 700 3433 755 ipse
3472 702 3591 740 cum
3624 689 3732 742 suis

2203 757 2500 844 ”theffer-513

2206 870 2418 926 Interea
2451 869 2657 927 residui
2687 878 3003 927 senatorum
3023 916 3037 940 ,
3063 872 3153 942 qui
3187 872 3487 944 potentiam
3518 871 3734 937 Cinuoe,

2133 960 2284 1017 Marii
2309 961 2687 1019 crudelitatem
2715 1004 2731 1030 ,
2773 964 3039 1018 insaniam
3070 963 3323 1020 Fimbria}
3348 1006 3363 1031 ,
3392 965 3733 1039 sertoriique

2134 1053 2416 1111 audaciam
2463 1054 2586 1126 tuga
2619 1065 2950 1125 evaserant,
2986 1058 3281 1113 transvecti
3333 1058 3383 1112 in
3436 1059 3733 1126 Graeciam,

2134 1161 2368 1218 coegere
2395 1148 2654 1218 precibus
2683 1147 2914 1214 Sullam,
2950 1160 3006 1234 ιιι
3039 1150 3396 1219 periclitanti,
3431 1151 3597 1207 immo
3621 1152 3732 1223 jam

2137 1254 2275 1311 pene
2302 1239 2530 1312 perditae
2557 1242 2771 1312 patriae,
2801 1258 2961 1313 opem
2984 1243 3174 1300 ferret.
3204 1242 3372 1314 igitur
3399 1244 3575 1312 Sulla,
3609 1262 3736 1302 mox

2138 1338 2198 1385 ιιι
2242 1328 2577 1402 Campanum
2627 1333 2779 1389 littus
2826 1334 3043 1405 attigit,
3089 1334 3406 1392 Norbanum
3454 1338 3735 1394 consulem

2139 1424 2333 1493 praelio
2360 1425 2665 1497 oppressit,
2703 1428 2720 1457 ²
2748 1436 2959 1498 septem
2995 1428 3163 1483 millia
3205 1437 3334 1484 tunc
3367 1429 3738 1487 Romanorum

2138 1516 2376 1574 Romani
2413 1519 2843 1589 interfecerunt,
2874 1535 2970 1578 sex
2999 1522 3167 1577 millia
3195 1523 3513 1580 eorumdem
3551 1525 3620 1579 ab
3649 1526 3743 1582 iis-

2140 1607 2265 1665 dem
2296 1619 2456 1681 capta
2487 1620 2617 1668 sunt
2637 1657 2652 1682 ,
2695 1620 2915 1669 centum
2947 1622 3003 1668 et
3032 1614 3226 1686 viginti
3257 1625 3493 1686 quatuor
3523 1617 3593 1674 de
3622 1618 3745 1675 Sul·

2141 1700 2264 1757 lana
2307 1711 2461 1773 parte
2491 1704 2836 1761 ceciderunt.
2869 1708 2891 1737 ¹
2921 1705 3121 1762 Fabius
3155 1722 3289 1763 vero
3327 1708 3624 1779 AdrianuS‚
3654 1711 3745 1768 cui

2140 1792 2426 1874 imperium
2475 1803 2813 1867 propraetore
2857 1807 3015 1864 erat,
3063 1814 3290 1871 regnum
3320 1798 3520 1857 Africae
3550 1817 3744 1859 servo-

435 1895 687 1960 quartum
727 1883 962 1948 consul,
1008 1883 1077 1940 ab
1123 1883 1366 1940 exercitu
1411 1897 1510 1939 suo
1563 1879 1885 1938 interfectus
1929 1891 2035 1943 est.
2069 1890 2120 1951 Β
2145 1901 2264 1942 rum
2298 1902 2463 1943 manu
2493 1888 2777 1958 affectans,
2807 1905 2838 1946 a
2871 1890 3107 1948 dominis
3128 1907 3321 1949 eorum
3344 1895 3487 1966 apud
3509 1894 3743 1964 Uticam,

1724 2020 2182 2080 ltavssttcatss’t
2216 2021 2451 2079 NOTAE.

507 2142 605 2199 35.
645 2140 1000 2199 Misericordia
1016 2138 1333 2195 reverentiae.
1358 2135 1479 2193 Non
1503 2136 1901 2193 contemnenda
1927 2134 2040 2192 sor·

435 2214 580 2271 sitan
604 2214 769 2269 lectio
797 2213 885 2268 ed.
930 2216 1266 2282 Augusteum
1291 2251 1308 2277 ,
1336 2208 1672 2264 innectendos
1695 2250 1710 2275 ,
1738 2209 2040 2264 reverentioe

438 2285 891 2356 contemplatione.

513 2358 605 2413 54.
647 2354 944 2427 Capitoliis.
1022 2351 1158 2409 Cum
1207 2352 1325 2408 haee
1371 2359 1630 2408 constans
1676 2352 1746 2406 sit
1797 2350 2036 2406 omnium

438 2442 575 2486 msS.
608 2429 793 2493 lectio,
822 2426 1156 2499 approbante
1186 2438 1401 2495 quoque
1432 2421 1523 2478 ed.
1555 2420 1813 2492 August„
1852 2423 2039 2478 nescio

440 2515 541 2558 cur
570 2500 794 2570 reliquae
824 2511 1016 2553 omues
1056 2497 1330 2552 retineant
1366 2495 1539 2550 obtato
1570 2494 1854 2566 Capitolio,
1882 2492 2039 2564 quasi

443 2587 554 2628 non
583 2573 773 2627 liceret
800 2585 866 2624 ex
902 2578 1202 2636 poetarum,
1234 2575 1289 2622 et
1316 2565 1527 2637 Virgilii
1557 2566 1884 2635 praesertim,
1911 2566 2038 2621 imi-

442 2644 670 2708 tatione,
695 2641 909 2704 Orosio,
934 2640 986 2695 iu
1008 2640 1200 2709 plurali
1224 2653 1449 2694 numero
1467 2638 1724 2708 Capitolia
1743 2651 2033 2706 usurpare.

515 2714 608 2771 53.
650 2711 858 2769 Collato
897 2712 1100 2765 rostris.
1146 2711 1225 2765 Ita
1276 2711 1329 2765 in
1378 2708 1634 2764 omnibus
1662 2723 1793 2763 mss.
1828 2707 2037 2763 inveni.

445 2786 831 2855 Reposucrunt
880 2792 1061 2837 tamen
1098 2781 1227 2838 edd.
1251 2780 1506 2836 collocata
1527 2780 1715 2835 rostris
1739 2794 1837 2848 pro
1866 2781 1922 2833 in
1951 2795 2039 2834 ro-

409 2881 417 2887 ·
445 2858 591 2922 seris,
619 2868 677 2912 ut
700 2856 893 2911 saltem
925 2853 1248 2909 debuerant.
1302 2851 1413 2908 Sed
1445 2850 1672 2906 Orosius
1699 2852 1917 2906 tertium
1948 2865 2041 2906 ea-

446 2943 568 2986 sum
624 2929 677 2983 in
728 2927 898 2983 trihus
952 2924 1104 2980 hisce
1155 2924 1371 2979 videtur
1419 2922 1770 2978 continuasse
1796 2938 1812 2989 ;
1844 2920 2039 2977 collata

446 3000 614 3073 igitur
639 3007 725 3054 est
749 2998 895 3063 data,
928 2995 1148 3052 tributa.

519 3072 610 3126 56.
654 3069 780 3126 Cum
823 3065 991 3123 Cinna
1039 3068 1243 3122 tertium
1285 3083 1393 3122 cos.
1445 3069 1606 3122 Anno
1645 3064 1804 3120 Urbis
1827 3079 2041 3120 ncexvtt

450 3156 560 3226 quo
585 3141 652 3198 C.
684 3139 882 3196 Marius
912 3153 1013 3204 vu,
1043 3138 1212 3193 Cinna
1246 3139 1438 3206 iterum
1467 3136 1656 3192 consul
1686 3135 1805 3200 l'uit,
1841 3152 1906 3191 ac
1934 3136 2043 3189 Ma·

448 3228 565 3271 rius
607 3211 829 3284 quidem
880 3210 1035 3266 initio
1074 3208 1391 3265 consulatus
1438 3207 1618 3265 idibus
1654 3205 1927 3262 lanuariis
1950 3206 2046 3260 de-

449 3285 641 3350 cessit,
672 3285 794 3341 Liv.
828 3281 972 3338 libro
1010 3296 1184 3342 cxxx,
1217 3281 1497 3336 Plutarcls.
1531 3279 1585 3334 in
1618 3279 1807 3335 Mai-io.
1838 3278 1897 3334 lu
1927 3276 2046 3346 ejus

2144 2138 2385 2207 perrime
2414 2153 2651 2222 quoque.
2685 2139 2814 2197 dum
2846 2144 2913 2198 ad
2941 2142 3338 2210 illustrandam,
3371 2145 3424 2202 in
3457 2146 3741 2205 Thesauro

2144 2208 2336 2280 Regio,
2383 2209 2559 2265 Vitam
2589 2211 2915 2271 Mithridatis
2946 2216 3259 2283 EupatoriS,
3305 2227 3520 2274 veteres
3557 2231 3743 2277 aucto·
3827 2271 3836 2278 .

2144 2295 2236 2336 res
2262 2281 2504 2348 excutio,
2540 2283 2719 2339 inveni
2752 2287 2831 2354 (ut
2853 2286 3073 2368 opinor)
3122 2287 3339 2343 fratrem
3373 2290 3535 2359 hujus
3565 2291 3737 2354 Fabii,

2144 2352 2232 2407 vel
2261 2363 2409 2408 certe
2436 2367 2504 2408 ex
2537 2354 2728 2408 eadem
2763 2356 2966 2411 familia
2992 2358 3158 2412 altum
3187 2358 3436 2421 Fabium.
3466 2366 3747 2430 cognomi-

2146 2438 2215 2511 ne
2237 2421 2559 2479 Adrianum.
2611 2423 2762 2480 inu-r
2786 2426 2953 2481 duces
2981 2428 3125 2482 euim
3152 2429 3214 2481 1..
3242 2429 3478 2498 Luculli,
3508 2432 3601 2501 qui
3626 2445 3747 2502 post

2148 2492 2356 2550 bullam
2406 2504 2461 2549 et
2507 2493 2784 2551 Murenam
2811 2538 2826 2563 ,
2877 2496 3300 2554 Mithridaticum
3348 2500 3748 2561 administravit

2150 2563 2387 2629 bellum,
2436 2564 2731 2620 Adrianum
2780 2568 3067 2632 quemdam
3106 2580 3499 2627 commemorat
3540 2574 3750 2630 Plutar-

2148 2636 2284 2689 chus
2306 2680 2320 2703 ‚
2354 2637 2442 2705 qui
2474 2652 2663 2706 magua
2693 2638 2850 2693 clade
2880 2640 3175 2711 equitatum
3210 2641 3541 2701 Mithridatis
3563 2687 3578 2712 ,
3611 2661 3747 2702 cou-

2150 2714 2230 2761 tra
2263 2707 2614 2775 pabulatores
2644 2707 2920 2764 Ruiuauus
2952 2711 3179 2765 missum
3200 2754 3215 2776 ,
3258 2711 3503 2770 affecerit
3525 2758 3539 2780 ,
3585 2727 3750 2788 atque

2146 2776 2217 2859 agi
2245 2780 2679 2859 internecionem
2716 2795 2883 2850 nsque
2908 2782 3191 2838 ceciderit.
3221 2785 3463 2854 Cumque
3492 2789 3633 2844 illam
3665 2806 3750 2844 re-

2147 2862 2218 2918 gu
2261 2858 2534 2915 equitatus
2576 2850 2790 2905 cladem
2837 2860 3020 2922 tegere
3064 2867 3356 2910 conaretur
3386 2857 3746 2920 Mithridates,

2143 2918 2397 3007 Ἀῥριανὸς
2427 2919 2481 2975 δὲ
2505 2922 2744 3010 λαμπρὸς
2773 2924 3119 2999 παρημείδετο
3142 2927 3200 2980 τὸ
3220 2928 3589 3003 στρατόπεδον,
3622 2933 3745 2987 πολ·

2145 2990 2235 3052 >uc
2267 2993 2524 3075 χατάγων·
2568 2994 2768 3066 αμαξας
2794 3034 2807 3057 ,
2865 2999 3012 3051 σίτου
3061 3000 3146 3052 καὶ
3188 3000 3420 3074 λαφυρῶν
3462 3005 3747 3074 γεμούσας.

2149 3063 2410 3144 ‚adrianus
2435 3063 2645 3132 quidem
2673 3067 2768 3117 iter
2800 3067 2922 3135 [ecit
2944 3083 3131 3136 ntayno
3160 3068 3435 3139 splendore
3474 3085 3660 3138 prwtcr
3684 3075 3753 3128 it·

2148 3133 2251 3187 tius
2282 3143 2487 3199 castra,
2538 3137 2797 3204 inyetttem
2831 3152 3101 3190 tinnierunt
3140 3155 3312 3193 secum
3349 3140 3557 3196 trahens
3594 3144 3752 3213 pluu-

2150 3211 2377 3257 strorunt
2406 3216 2694 3259 commeatu
2737 3215 2787 3260 et
2813 3206 2992 3278 pra‘da
3020 3205 3370 3263 onustorunt.'
3424 3210 3748 3268 Plutarchus

2151 3272 2203 3328 in
2239 3273 2467 3329 Lucullo
2498 3290 2552 3343 p.
2582 3275 2709 3332 502.
2773 3276 2877 3332 Pro
2921 3276 3161 3333 Adriano
3206 3290 3386 3335 autem
3427 3280 3627 3338 Fabius
3657 3286 3748 3339 hic

450 3355 634 3413 locum
657 3353 915 3413 suffectus
938 3366 1023 3409 est
1046 3353 1107 3408 Ι..
1136 3351 1386 3408 Valerius
1408 3351 1659 3416 Flaccus,
1682 3349 1751 3405 de
1769 3363 1879 3421 quo
1907 3348 2046 3405 libro
2075 3373 2122 3437 C
2152 3343 2259 3400 dux
2280 3344 2582 3415 appeilatur
2610 3346 2859 3416 Appiano
2885 3347 2954 3403 de
2976 3349 3124 3404 Bello
3152 3349 3393 3405 Mithrid.
3417 3370 3472 3422 p.
3501 3354 3631 3419 565,
3659 3358 3752 3412 ubi

451 3429 725 3496 sequenti.
757 3424 922 3481 Fata.

522 3500 614 3555 57.
654 3497 971 3553 Introducta
998 3512 1089 3566 per
1134 3495 1397 3563 Marium,
1429 3502 1535 3549 cte.
1589 3492 1877 3563 Appianus
1916 3493 2052 3547 scri·

452 3570 556 3638 bit,
585 3586 777 3627 servos
805 3614 820 3635 ,
854 3569 945 3638 qui
976 3569 1250 3637 proposita
1283 3568 1535 3622 libertate
1562 3567 1628 3620 ad
1667 3565 1895 3621 Cinnam
1927 3577 2052 3634 per·

452 3641 706 3715 fugerant
728 3683 745 3708 ,
792 3655 915 3696 cum
949 3641 1152 3707 rapinae
1201 3649 1363 3707 atque
1391 3637 1558 3693 credis
1588 3638 1806 3692 modum
1840 3635 2047 3690 nullum

451 3714 718 3779 Iacerent,
747 3710 1087 3782 ipsiusjussu
1123 3725 1155 3765 a
1177 3709 1347 3765 Gallis
1373 3709 1674 3775 trucidatos
1706 3710 1891 3762 luisse.
1925 3704 2051 3760 Plu·

454 3785 678 3842 tarchus
706 3782 875 3840 tradit
921 3784 1227 3837 Sertorium
1271 3780 1341 3836 ad
1386 3789 1622 3853 quatuor
1655 3779 1825 3834 millia
1860 3791 2052 3833 servo-

452 3852 1076 3985 gr'lf'tquffibmamt's'
1097 3853 1152 3978 ii:
1198 3852 1573 3980 lffflgsgogos
1598 3892 1614 3916 ‚
1658 3852 1712 3907 in
1762 3847 2049 3921 tyrannide

542 3943 575 3985 e
621 3942 723 3983 tes
861 3941 987 3981 uera
1020 3966 1034 3989 ‚
1065 3942 1117 3980 ιιι
1147 3940 1205 3979 er
1300 3940 1313 3977 t
1414 3965 1427 3977 .
1506 3938 1628 3978 Αιιιι.

527 4001 619 4056 58.
659 3998 825 4055 Cinna
849 4040 865 4066 ,
911 4005 1150 4066 quartum
1177 3995 1381 4050 consul.
1422 3994 1591 4049 Cinna
1617 3994 1668 4047 in
1697 4000 1890 4063 quarto
1917 4005 2047 4047 con·

453 4071 639 4128 sulatu
662 4070 889 4126 Ancone
913 4069 981 4124 ab
1006 4068 1251 4126 exercitu
1273 4080 1372 4121 suo
1401 4066 1667 4133 lapidibus
1693 4064 1910 4121 occisus
1940 4070 2044 4118 est.

452 4140 639 4199 Livius
668 4142 806 4199 libro
842 4139 1213 4212 octuagesimo
1241 4137 1424 4206 tertio,
1454 4138 1735 4209 Appianus
1764 4150 1804 4203 ι,
1835 4134 2049 4191 Plutar-

454 4215 595 4271 chus
627 4214 678 4271 in
713 4211 976 4283 Pompeio
1006 4223 1059 4268 et
1086 4212 1198 4267 alii.
1229 4209 1397 4266 Faue.

525 4285 658 4343 Car.
672 4283 896 4341 xx.-t
912 4323 925 4338 .
946 4282 1156 4353 Septem
1176 4283 1340 4337 millia
1358 4290 1481 4336 tune
1498 4279 1864 4336 Romanorum.
1882 4277 2046 4334 Eum·

455 4356 581 4416 dem
599 4372 884 4414 numerum
900 4355 1034 4412 edit.
1051 4355 1277 4424 Eutrop.
1293 4369 1366 4409 vn
1384 4353 1549 4408 millia
1566 4351 1636 4408 de
1652 4351 1899 4408 exercitu
1912 4349 2049 4405 Nor-

454 4428 753 4487 bautoesa
785 4428 952 4484 tradit
977 4441 1193 4498 quoque
1217 4426 1357 4482 Plut.
1390 4424 1670 4495 Appianus
1697 4438 1826 4478 vero
1856 4421 2049 4476 scribit

455 4500 692 4557 militum
706 4499 943 4556 Norbani
962 4499 1131 4554 millia
1147 4512 1239 4553 sex
1249 4540 1265 4565 ,
1279 4496 1446 4553 Sullae
1460 4511 1564 4552 Lxx
1577 4494 1860 4552 cecidisse.
1875 4491 2043 4547 Facu.

527 4575 585 4628 2.
625 4570 829 4627 Fabius
858 4570 1140 4626 Adrianus.
1191 4568 1411 4624 Adriani
1454 4567 1616 4636 hujus
1659 4565 1906 4621 meminit
1928 4562 2041 4617 Cic.

456 4641 588 4699 Ver.
622 4659 701 4699 ιιι.
737 4643 836 4700 Ubi
861 4644 1063 4698 Ascon.
1094 4642 1167 4696 ita
1194 4640 1416 4696 scribit:
1453 4636 1703 4693 Cinnanis
1734 4633 2047 4707 temporibus

457 4729 575 4769 etim
604 4713 666 4771 C.
702 4712 836 4768 Fut».
867 4712 1151 4778 Adria.,ut
1172 4712 1265 4767 atii
1284 4711 1458 4777 aiunt,
1485 4709 1715 4782 legatus,
1744 4716 1800 4761 ιιι
1825 4705 1921 4760 alii
1948 4720 2047 4775 pu·-

458 4793 606 4853 ιοιιι,
661 4794 981 4856 propraetore
1003 4825 1020 4850 ,
1079 4782 1159 4839 uel
1233 4790 1461 4855 praetor,
1541 4779 1859 4852 prouinciam
1916 4775 2047 4830 obti-
2075 4769 2129 4832 D

457 4867 604 4912 neret
644 4856 810 4927 Afric.
862 4854 1029 4911 Uticoe
1068 4855 1124 4910 in
1162 4854 1406 4925 proetorio
1442 4867 1536 4907 nto
1580 4850 1722 4905 vit-us
1764 4856 1910 4903 uatus
1949 4854 2047 4913 est,

457 4927 599 5000 quod
629 4935 874 4997 corrupto
919 4926 1123 4982 servitio
1162 4925 1384 4980 civitatis
1416 4921 1563 4978 iuius
1587 4962 1602 4988 ,
1657 4922 1723 4975 de
1754 4918 2050 4991 principum

460 5015 585 5055 nece
635 5015 758 5054 cons
797 5000 959 5054 imese
1000 4997 1282 5053 diceretur.
1342 4995 1422 5051 De
1467 4992 1660 5049 eodem
1719 4988 1914 5046 Livius
1953 4987 2045 5043 lib.

457 5084 682 5136 mxxxvi,
776 5070 913 5127 aler.
960 5068 1056 5124 lib.
1095 5083 1154 5123 tx
1184 5082 1308 5138 cap.
1341 5067 1432 5124 to.
1462 5063 1629 5121 Fun.
1653 5091 1723 5105 -
1745 5061 1823 5116 De
1853 5058 1959 5114 tnnc
1984 5058 2049 5113 C.

457 5139 634 5198 Fabio
663 5141 729 5198 C.
761 5140 824 5196 F.
858 5140 1119 5206 Adriano,
1152 5139 1284 5195 satis
1306 5150 1538 5208 operose
1568 5135 1782 5206 egimus
1809 5131 1863 5187 in
1891 5127 2052 5185 Com·

460 5212 746 5270 mentariis
792 5215 861 5267 ad
905 5212 1242 5268 Thesaurum
1286 5207 1497 5265 Morell.
1547 5217 1680 5262 tom.
1731 5202 1774 5270 1,
1825 5215 1880 5271 p.
1922 5201 2049 5264 171,

459 5283 557 5339 nbi
602 5283 942 5340 ostendimus
964 5322 979 5347 ,
1021 5281 1306 5338 denarium
1338 5295 1404 5335 ex
1431 5287 1660 5349 argento
1688 5273 1937 5345 publico,
1962 5270 2052 5326 vel

460 5355 792 5412 auctoritate
821 5353 1036 5423 publica
1059 5367 1276 5417 cusum,
1305 5352 1395 5422 qui
1419 5349 1487 5405 ab
1514 5351 1687 5406 altera
1715 5352 1866 5416 parte
1891 5348 2055 5413 caput

461 5425 737 5483 muliebre
765 5426 1039 5490 turritum,
1066 5424 1136 5480 ab
1164 5424 1334 5479 altera
1360 5422 1645 5477 victoriam
1676 5418 1731 5473 in
1763 5416 1815 5472 bi
1856 5416 1902 5469 is
1927 5428 2053 5469 cum

462 5496 916 5555 struthiocamelo
958 5496 1214 5561 exhibet,
1255 5503 1504 5566 spectare
1531 5490 1601 5547 ad
1644 5488 1788 5545 bunc
1874 5485 2055 5542 abium

462 5567 792 5634 Adrianum,
820 5578 982 5639 atque
1006 5567 1075 5624 ab
1103 5567 1319 5635 eodem,
1344 5572 1682 5635 propraetore
1705 5569 1819 5614 tum
1848 5566 2060 5639 tempo·

463 5639 550 5695 ris
573 5639 630 5695 in
658 5638 865 5704 Africa,
891 5652 1084 5695 cusum
1119 5636 1316 5704 fuisse,
1348 5649 1456 5692 nou
1485 5648 1619 5691 vero
1640 5631 1708 5687 ad
1730 5628 1796 5686 C-
1829 5627 2058 5685 Fabium

464 5707 768 5767 Pictorem.
785 5710 1058 5766 Hactenus
1075 5709 1220 5765 enim
1233 5700 1896 5774 credideruntAntiquarii
1917 5698 2063 5754 hunc

467 5778 759 5837 denarium
787 5795 974 5837 cusum
1008 5781 1174 5837 luisse
1196 5795 1264 5836 eo
1288 5792 1456 5847 anno,
1479 5792 1588 5848 quo
1614 5775 1844 5846 populus
1865 5771 2066 5826 Roma·

465 5865 577 5909 nus
611 5864 840 5925 argento
874 5854 1089 5924 signato
1120 5852 1195 5906 uti
1218 5849 1387 5919 coepit
1410 5890 1427 5915 ,
1465 5862 1628 5917 quem
1664 5861 1765 5901 nos
1798 5843 2066 5899 ducentos

426 5949 435 5957 ·
467 5920 589 5986 tere
625 5938 801 5983 annos
837 5938 907 5980 eo
941 5933 1190 5994 tempore
1218 5919 1580 5993 posteriorem
1623 5916 1875 5976 fecimus.
1949 5909 2067 5969 Nu·

838 6015 1116 6081 Pauor..
1163 6008 1406 6076 XXXI·

2158 3426 2363 3482 narrat,
2397 3418 2670 3484 quomodo
2697 3417 3035 3475 Mithridates
3061 3434 3126 3475 ex
3152 3425 3405 3477 Armenia
3428 3423 3494 3478 ad
3520 3440 3748 3495 regnum

2155 3502 2313 3542 suum
2361 3489 2793 3556 recuperandum
2848 3504 3178 3562 properanS,
3229 3496 3435 3552 ἐπέθετο
3463 3498 3633 3552 ‹baffio›
3659 3507 3754 3555 ·τῶ

2154 3558 2307 3635 δεῦρο
2330 3560 2386 3613 ἐκ
2410 3561 2723 3615 Λουκούλλου
2742 3570 3048 3639 στρατηγεῖν
3073 3564 3499 3638 ὑπολελειμμένοι,
3521 3556 3614 3625 καί
3633 3557 3753 3647 *rpi-

2171 3629 2382 3713 ’άμςνος
2415 3631 2571 3687 αὐτὸν
2600 3673 2614 3697 ,
2662 3630 2877 3689 ἔκτεινεν
2923 3639 3313 3701 πεντακοσίους,
3364 3626 3637 3711 cypressus
3678 3652 3755 3696 eet

2207 3707 2403 3765 abirent,
2432 3701 2613 3756 ducem
2638 3720 2670 3755 a
2697 3703 2917 3758 Lucullo
2940 3704 3198 3772 relictum,
3228 3718 3277 3762 et
3296 3712 3348 3761 in
3372 3712 3550 3780 {aqam
3578 3714 3747 3779 vertit,

2151 3772 2446 3854 quinqentis
2491 3773 2543 3825 ιἰι
2576 3790 2638 3827 eo
2665 3791 2840 3845 puqna
2869 3775 3068 3829 occisis.
3120 3776 3316 3832 Narrat
3346 3778 3567 3847 deinde,
3617 3797 3753 3853 quo-

2152 3844 2314 3898 modo
2343 3842 2486 3897 idem
2513 3842 2735 3908 Fabius,
2770 3846 3010 3900 liberatis
3039 3848 3238 3912 servis,
3275 3859 3541 3919 quotquot
3568 3861 3748 3908 castra

2152 3913 2545 3986 sequebantur,
2572 3916 2770 3971 iterum
2799 3930 2922 3970 cum
2955 3915 3262 3972 Mithridate
3284 3921 3613 3989 conflixerit,
3649 3925 3752 3979 ite-

2152 3999 2379 4055 rumque
2420 3988 2670 4054 gravinre
2714 3985 2866 4042 clade
2911 3986 3136 4043 affectus
3170 3989 3349 4047 suerit.
3399 3990 3571 4063 AEgre
3621 3994 3760 4051 inde

2151 4054 2380 4114 Caunos
2406 4056 2594 4127 effugit
2620 4056 2840 4125 Fabius,
2888 4058 2977 4113 ubi
3023 4073 3052 4111 a
3098 4059 3412 4117 Mithridate
3460 4063 3741 4134 obsessus,

2151 4127 2383 4183 adventu
2412 4127 2611 4183 Triarii
2643 4127 2905 4184 liberatus
2926 4128 3049 4196 suit,
3079 4128 3311 4189 ducente
3335 4133 3507 4189 Dione
3528 4133 3752 4206 Cassio,

2151 4200 2240 4269 qui
2281 4198 2350 4254 Μ.
2402 4198 2633 4254 Fabium
2684 4200 2936 4256 cumdem
2979 4201 3214 4269 appellat
3260 4204 3353 4262 lib.
3394 4221 3552 4271 xxxv,
3600 4223 3653 4278 p.
3690 4210 3750 4266 4.

2150 4273 2329 4339 Quare
2359 4284 2425 4324 ex
2457 4269 2642 4326 Fabiis
2671 4270 2842 4339 hisce,
2869 4281 3008 4328 teste
3039 4272 3210 4329 Dione
3236 4273 3447 4343 Cassio,
3475 4277 3747 4349 detegitur

2151 4346 2290 4397 alter
2341 4340 2597 4396 babuisse
2645 4340 2849 4405 Marci,
2896 4344 3068 4409 alter,
3120 4348 3445 4403 testantibus
3475 4348 3743 4418 Nummis,

2153 4413 2270 4470 Caii
2301 4425 2637 4481 pranomen.
2691 4412 2911 4468 Denarii
2951 4414 3121 4479 ipsius
3152 4415 3324 4486 figura
3354 4417 3472 4474 bzcc
3497 4429 3615 4486 est,
3663 4425 3751 4476 cui

2149 4496 2207 4544 et
2230 4484 2420 4550 alium,
2451 4484 2504 4536 iu
2535 4498 2643 4551 quo
2672 4482 2732 4537 t..
2759 4482 2994 4540 Cornelii
3020 4485 3190 4540 Sulla:
3215 4500 3395 4556 eaput,
3424 4496 3559 4544 utet
3580 4490 3749 4547 colle-

2149 4574 2233 4640 εἰ»
2267 4555 2386 4626 ejus
2426 4553 2666 4625 Pompeii
2710 4554 2865 4623 Ruti,
2905 4565 3158 4612 accurate
3192 4558 3521 4631 depingitur,
3560 4560 3753 4632 adiun-

2149 4642 2350 4684 ximus.
