<?xml version="1.0" encoding="UTF-8"?>
<!DOCTYPE html PUBLIC "-//W3C//DTD XHTML 1.0 Transitional//EN"
    "http://www.w3.org/TR/xhtml1/DTD/xhtml1-transitional.dtd">
<html xmlns="http://www.w3.org/1999/xhtml" xml:lang="en" lang="en">
 <head>
  <title>
</title>
<meta http-equiv="Content-Type" content="text/html;charset=utf-8" />
  <meta name='ocr-system' content='tesseract 3.04.00' />
  <meta name='ocr-capabilities' content='ocr_page ocr_carea ocr_par ocr_line ocrx_word'/>
</head>
<body>
  <div class='ocr_page' id='page_1' title='image "./patrologiaecurs83unkngoog/patrologiaecurs83unkngoog_0602.png"; bbox 0 0 4192 6434; ppageno 0'>
   <div class='ocr_carea' id='block_1_1' title="bbox 242 373 1895 444">
    <p class='ocr_par' dir='ltr' id='par_1_1' title="bbox 242 373 1895 444">
     <span class='ocr_line' id='line_1_1' title="bbox 242 373 1895 444; baseline -0.001 -9"><span class='ocrx_word' id='word_1_1' title='bbox 242 377 309 435; x_wconf 73' lang='lat' dir='ltr'>dibi</span> <span class='ocrx_word' id='word_1_2' title='bbox 795 438 797 444; x_wconf 57' lang='grc'>,</span> <span class='ocrx_word' id='word_1_3' title='bbox 950 373 1054 434; x_wconf 62' lang='grc' dir='ltr'>Ριιΰίιι</span> <span class='ocrx_word' id='word_1_4' title='bbox 1073 375 1188 434; x_wconf 80' lang='lat' dir='ltr'>OROSU</span> <span class='ocrx_word' id='word_1_5' title='bbox 1829 376 1895 434; x_wconf 82' lang='lat' dir='ltr'>ttot</span> 
     </span>
    </p>
   </div>
   <div class='ocr_carea' id='block_1_2' title="bbox 154 487 1896 4795">
    <p class='ocr_par' dir='ltr' id='par_1_2' title="bbox 154 487 1896 4795">
     <span class='ocr_line' id='line_1_2' title="bbox 239 487 1896 565; baseline -0.002 -17"><span class='ocrx_word' id='word_1_6' title='bbox 239 501 299 548; x_wconf 83' lang='lat' dir='ltr'>ctus</span> <span class='ocrx_word' id='word_1_7' title='bbox 312 499 339 546; x_wconf 94' lang='lat' dir='ltr'>ct</span> <span class='ocrx_word' id='word_1_8' title='bbox 351 487 490 546; x_wconf 59' lang='lat' dir='ltr'>cortada</span> <span class='ocrx_word' id='word_1_9' title='bbox 500 488 647 545; x_wconf 76' lang='lat' dir='ltr'>barbarias</span> <span class='ocrx_word' id='word_1_10' title='bbox 661 490 716 543; x_wconf 83' lang='lat' dir='ltr'>siue</span> <span class='ocrx_word' id='word_1_11' title='bbox 730 489 835 558; x_wconf 84' lang='lat' dir='ltr'>queretu</span> <span class='ocrx_word' id='word_1_12' title='bbox 850 489 878 545; x_wconf 91' lang='lat' dir='ltr'>iu</span> <span class='ocrx_word' id='word_1_13' title='bbox 892 490 1042 561; x_wconf 77' lang='lat' dir='ltr'>Evangelio</span> <span class='ocrx_word' id='word_1_14' title='bbox 1057 492 1081 552; x_wconf 76' lang='grc' dir='ltr'>Α</span> <span class='ocrx_word' id='word_1_15' title='bbox 1094 491 1183 545; x_wconf 85' lang='lat' dir='ltr'>dixit:</span> <span class='ocrx_word' id='word_1_16' title='bbox 1210 490 1281 559; x_wconf 80' lang='lat' dir='ltr'>erid</span> <span class='ocrx_word' id='word_1_17' title='bbox 1295 497 1307 528; x_wconf 83' lang='grc'><strong>1</strong></span> <span class='ocrx_word' id='word_1_18' title='bbox 1323 504 1384 561; x_wconf 80' lang='lat' dir='ltr'>erpo</span> <span class='ocrx_word' id='word_1_19' title='bbox 1392 489 1503 562; x_wconf 78' lang='lat' dir='ltr'>judicor</span> <span class='ocrx_word' id='word_1_20' title='bbox 1516 490 1689 545; x_wconf 81' lang='lat' dir='ltr'>commonitus</span> <span class='ocrx_word' id='word_1_21' title='bbox 1710 501 1734 565; x_wconf 87' lang='lat' dir='ltr'>et</span> <span class='ocrx_word' id='word_1_22' title='bbox 1749 491 1896 563; x_wconf 78' lang='lat' dir='ltr'>increpator</span> 
     </span>
     <span class='ocr_line' id='line_1_3' title="bbox 240 581 1894 656; baseline 0.001 -20"><span class='ocrx_word' id='word_1_23' title='bbox 240 583 374 654; x_wconf 87' lang='lat' dir='ltr'>probatus</span> <span class='ocrx_word' id='word_1_24' title='bbox 393 583 557 639; x_wconf 67' lang='lat' dir='ltr'><strong>ostenditur.</strong></span> <span class='ocrx_word' id='word_1_25' title='bbox 582 581 655 637; x_wconf 78' lang='lat' dir='ltr'>bittit</span> <span class='ocrx_word' id='word_1_26' title='bbox 671 581 802 637; x_wconf 83' lang='lat' dir='ltr'>borrrirms</span> <span class='ocrx_word' id='word_1_27' title='bbox 815 581 850 637; x_wconf 89' lang='lat' dir='ltr'>de</span> <span class='ocrx_word' id='word_1_28' title='bbox 863 582 933 639; x_wconf 74' lang='lat' dir='ltr'>lob:</span> <span class='ocrx_word' id='word_1_29' title='bbox 952 581 1039 637; x_wconf 84' lang='lat' dir='ltr'>iloruo</span> <span class='ocrx_word' id='word_1_30' title='bbox 1091 583 1251 650; x_wconf 81' lang='lat' dir='ltr'>abrutino,</span> <span class='ocrx_word' id='word_1_31' title='bbox 1268 583 1377 638; x_wconf 81' lang='lat' dir='ltr'>audient</span> <span class='ocrx_word' id='word_1_32' title='bbox 1393 582 1457 638; x_wconf 83' lang='lat' dir='ltr'>tutin</span> <span class='ocrx_word' id='word_1_33' title='bbox 1471 598 1530 637; x_wconf 82' lang='lat' dir='ltr'>coru</span> <span class='ocrx_word' id='word_1_34' title='bbox 1550 582 1618 638; x_wconf 70' lang='lat' dir='ltr'>adsit</span> <span class='ocrx_word' id='word_1_35' title='bbox 1638 584 1687 637; x_wconf 80' lang='lat' dir='ltr'>siut</span> <span class='ocrx_word' id='word_1_36' title='bbox 1707 581 1780 656; x_wconf 64' lang='lat' dir='ltr'>(lob.</span> <span class='ocrx_word' id='word_1_37' title='bbox 1802 599 1894 651; x_wconf 83' lang='lat' dir='ltr'>sxsrr,</span> 
     </span>
     <span class='ocr_line' id='line_1_4' title="bbox 154 672 1895 752; baseline 0.001 -21"><span class='ocrx_word' id='word_1_38' title='bbox 154 706 157 711; x_wconf 92' lang='lat'><em>·</em></span> <span class='ocrx_word' id='word_1_39' title='bbox 241 677 298 731; x_wconf 78' lang='lat' dir='ltr'>sine</span> <span class='ocrx_word' id='word_1_40' title='bbox 308 677 415 731; x_wconf 82' lang='lat' dir='ltr'>erirur&#39;nc</span> <span class='ocrx_word' id='word_1_41' title='bbox 429 675 506 748; x_wconf 84' lang='lat' dir='ltr'>(buc.</span> <span class='ocrx_word' id='word_1_42' title='bbox 522 691 548 742; x_wconf 92' lang='lat' dir='ltr'>r,</span> <span class='ocrx_word' id='word_1_43' title='bbox 564 677 603 745; x_wconf 78' lang='lat' dir='ltr'>ti),</span> <span class='ocrx_word' id='word_1_44' title='bbox 617 674 747 746; x_wconf 90' lang='lat' dir='ltr'>numquid</span> <span class='ocrx_word' id='word_1_45' title='bbox 761 674 829 731; x_wconf 77' lang='lat' dir='ltr'>dixit</span> <span class='ocrx_word' id='word_1_46' title='bbox 841 675 901 730; x_wconf 84' lang='lat' dir='ltr'>siue</span> <span class='ocrx_word' id='word_1_47' title='bbox 911 675 1040 745; x_wconf 84' lang='lat' dir='ltr'>peceato?</span> <span class='ocrx_word' id='word_1_48' title='bbox 1091 676 1138 744; x_wconf 77' lang='lat'>53,</span> <span class='ocrx_word' id='word_1_49' title='bbox 1153 691 1205 731; x_wconf 82' lang='lat' dir='ltr'>see.</span> <span class='ocrx_word' id='word_1_50' title='bbox 1221 673 1316 752; x_wconf 74' lang='lat' dir='ltr'><strong>LXX).</strong></span> <span class='ocrx_word' id='word_1_51' title='bbox 1336 674 1412 730; x_wconf 84' lang='lat' dir='ltr'>Talis</span> <span class='ocrx_word' id='word_1_52' title='bbox 1424 683 1452 730; x_wconf 93' lang='lat' dir='ltr'>et</span> <span class='ocrx_word' id='word_1_53' title='bbox 1465 672 1633 743; x_wconf 77' lang='lat' dir='ltr'>Zacharias,</span> <span class='ocrx_word' id='word_1_54' title='bbox 1658 674 1742 732; x_wconf 90' lang='lat' dir='ltr'>bomo</span> <span class='ocrx_word' id='word_1_55' title='bbox 1762 675 1822 730; x_wconf 83' lang='lat' dir='ltr'>sine</span> <span class='ocrx_word' id='word_1_56' title='bbox 1833 693 1895 748; x_wconf 80' lang='lat' dir='ltr'>qur·</span> 
     </span>
     <span class='ocr_line' id='line_1_5' title="bbox 241 766 1896 841; baseline -0.001 -15"><span class='ocrx_word' id='word_1_57' title='bbox 241 769 385 826; x_wconf 76' lang='lat' dir='ltr'>Peccatum</span> <span class='ocrx_word' id='word_1_58' title='bbox 399 771 472 825; x_wconf 90' lang='lat' dir='ltr'>enim</span> <span class='ocrx_word' id='word_1_59' title='bbox 487 770 617 840; x_wconf 81' lang='lat' dir='ltr'>cogitatio</span> <span class='ocrx_word' id='word_1_60' title='bbox 631 769 770 841; x_wconf 87' lang='lat' dir='ltr'>concipit,</span> <span class='ocrx_word' id='word_1_61' title='bbox 787 769 890 825; x_wconf 90' lang='lat' dir='ltr'>crimen</span> <span class='ocrx_word' id='word_1_62' title='bbox 907 784 972 824; x_wconf 86' lang='lat' dir='ltr'>reru</span> <span class='ocrx_word' id='word_1_63' title='bbox 986 784 1039 824; x_wconf 92' lang='lat' dir='ltr'>uon</span> <span class='ocrx_word' id='word_1_64' title='bbox 1091 768 1166 833; x_wconf 86' lang='lat' dir='ltr'>reto,</span> <span class='ocrx_word' id='word_1_65' title='bbox 1193 767 1292 838; x_wconf 80' lang='lat' dir='ltr'>dignus</span> <span class='ocrx_word' id='word_1_66' title='bbox 1305 766 1410 823; x_wconf 86' lang='lat' dir='ltr'>ironore</span> <span class='ocrx_word' id='word_1_67' title='bbox 1423 766 1563 823; x_wconf 88' lang='lat' dir='ltr'>bominum</span> <span class='ocrx_word' id='word_1_68' title='bbox 1578 809 1586 835; x_wconf 95' lang='lat'>,</span> <span class='ocrx_word' id='word_1_69' title='bbox 1611 767 1713 840; x_wconf 76' lang='lat' dir='ltr'>dignus</span> <span class='ocrx_word' id='word_1_70' title='bbox 1737 767 1896 826; x_wconf 88' lang='lat' dir='ltr'>testimonio</span> 
     </span>
     <span class='ocr_line' id='line_1_6' title="bbox 241 859 1895 934; baseline 0 -16"><span class='ocrx_word' id='word_1_71' title='bbox 241 860 294 918; x_wconf 85' lang='lat' dir='ltr'>nisi</span> <span class='ocrx_word' id='word_1_72' title='bbox 313 873 391 918; x_wconf 89' lang='lat' dir='ltr'>aetus</span> <span class='ocrx_word' id='word_1_73' title='bbox 405 862 535 918; x_wconf 89' lang='lat' dir='ltr'>ostendit.</span> <span class='ocrx_word' id='word_1_74' title='bbox 559 863 626 919; x_wconf 83' lang='lat' dir='ltr'>Esse</span> <span class='ocrx_word' id='word_1_75' title='bbox 646 863 730 918; x_wconf 89' lang='lat' dir='ltr'>ctiam</span> <span class='ocrx_word' id='word_1_76' title='bbox 751 863 807 917; x_wconf 81' lang='lat' dir='ltr'>rinc</span> <span class='ocrx_word' id='word_1_77' title='bbox 820 865 926 934; x_wconf 82' lang='lat' dir='ltr'>quereto</span> <span class='ocrx_word' id='word_1_78' title='bbox 944 877 1040 918; x_wconf 90' lang='lat' dir='ltr'>corum</span> <span class='ocrx_word' id='word_1_79' title='bbox 1091 860 1307 932; x_wconf 77' lang='lat' dir='ltr'>scripturarum,</span> <span class='ocrx_word' id='word_1_80' title='bbox 1321 876 1402 933; x_wconf 90' lang='lat' dir='ltr'>quem</span> <span class='ocrx_word' id='word_1_81' title='bbox 1416 859 1507 932; x_wconf 85' lang='lat' dir='ltr'>aliqua</span> <span class='ocrx_word' id='word_1_82' title='bbox 1521 860 1590 932; x_wconf 84' lang='lat' dir='ltr'>jana,</span> <span class='ocrx_word' id='word_1_83' title='bbox 1605 868 1636 915; x_wconf 91' lang='lat' dir='ltr'>nt</span> <span class='ocrx_word' id='word_1_84' title='bbox 1647 861 1783 930; x_wconf 76' lang='lat' dir='ltr'>arbitror,</span> <span class='ocrx_word' id='word_1_85' title='bbox 1798 877 1834 918; x_wconf 84' lang='lat' dir='ltr'>cx</span> <span class='ocrx_word' id='word_1_86' title='bbox 1847 861 1895 918; x_wconf 91' lang='lat' dir='ltr'>boe</span> 
     </span>
     <span class='ocr_line' id='line_1_7' title="bbox 241 952 1895 1028; baseline 0.001 -17"><span class='ocrx_word' id='word_1_87' title='bbox 241 955 388 1026; x_wconf 72' lang='lat' dir='ltr'>cognitioni</span> <span class='ocrx_word' id='word_1_88' title='bbox 402 955 560 1026; x_wconf 81' lang='lat' dir='ltr'>judicioque</span> <span class='ocrx_word' id='word_1_89' title='bbox 574 957 740 1023; x_wconf 83' lang='lat' dir='ltr'>ascribitur,</span> <span class='ocrx_word' id='word_1_90' title='bbox 756 957 855 1028; x_wconf 87' lang='lat' dir='ltr'>quibos</span> <span class='ocrx_word' id='word_1_91' title='bbox 871 957 897 1012; x_wconf 91' lang='lat' dir='ltr'>in</span> <span class='ocrx_word' id='word_1_92' title='bbox 914 966 1040 1027; x_wconf 91' lang='lat' dir='ltr'>promptu</span> <span class='ocrx_word' id='word_1_93' title='bbox 1091 953 1199 1009; x_wconf 90' lang='lat' dir='ltr'>indatio</span> <span class='ocrx_word' id='word_1_94' title='bbox 1215 953 1355 1021; x_wconf 78' lang='lat' dir='ltr'>titillabat,</span> <span class='ocrx_word' id='word_1_95' title='bbox 1380 952 1585 1026; x_wconf 76' lang='lat' dir='ltr'>incipiebatque</span> <span class='ocrx_word' id='word_1_96' title='bbox 1604 955 1667 1025; x_wconf 83' lang='lat' dir='ltr'>ptos</span> <span class='ocrx_word' id='word_1_97' title='bbox 1686 954 1807 1012; x_wconf 87' lang='lat' dir='ltr'>credere</span> <span class='ocrx_word' id='word_1_98' title='bbox 1822 953 1895 1013; x_wconf 74' lang='lat' dir='ltr'>[arnor</span> 
     </span>
     <span class='ocr_line' id='line_1_8' title="bbox 241 1048 1893 1122; baseline 0.001 -18"><span class='ocrx_word' id='word_1_99' title='bbox 241 1056 303 1116; x_wconf 86' lang='lat' dir='ltr'>est,</span> <span class='ocrx_word' id='word_1_100' title='bbox 324 1049 351 1102; x_wconf 91' lang='lat' dir='ltr'>in</span> <span class='ocrx_word' id='word_1_101' title='bbox 366 1048 435 1105; x_wconf 86' lang='lat' dir='ltr'>iaeie</span> <span class='ocrx_word' id='word_1_102' title='bbox 448 1048 557 1119; x_wconf 88' lang='lat' dir='ltr'>quidem</span> <span class='ocrx_word' id='word_1_103' title='bbox 574 1048 811 1106; x_wconf 86' lang='lat' dir='ltr'>mansuetudinem</span> <span class='ocrx_word' id='word_1_104' title='bbox 828 1053 969 1120; x_wconf 87' lang='lat' dir='ltr'>aspicere,</span> <span class='ocrx_word' id='word_1_105' title='bbox 992 1050 1040 1107; x_wconf 88' lang='lat' dir='ltr'>sed</span> <span class='ocrx_word' id='word_1_106' title='bbox 1092 1065 1175 1121; x_wconf 91' lang='lat' dir='ltr'>quarn</span> <span class='ocrx_word' id='word_1_107' title='bbox 1191 1048 1385 1114; x_wconf 82' lang='lat' dir='ltr'>conscientiae,</span> <span class='ocrx_word' id='word_1_108' title='bbox 1409 1064 1458 1119; x_wconf 89' lang='lat' dir='ltr'>per</span> <span class='ocrx_word' id='word_1_109' title='bbox 1474 1050 1673 1120; x_wconf 76' lang='lat' dir='ltr'>corripientem</span> <span class='ocrx_word' id='word_1_110' title='bbox 1687 1050 1819 1122; x_wconf 77' lang='lat' dir='ltr'>angeium</span> <span class='ocrx_word' id='word_1_111' title='bbox 1834 1060 1893 1107; x_wconf 86' lang='lat' dir='ltr'>nota</span> 
     </span>
     <span class='ocr_line' id='line_1_9' title="bbox 241 1140 1894 1217; baseline 0.004 -22"><span class='ocrx_word' id='word_1_112' title='bbox 241 1140 333 1198; x_wconf 89' lang='lat' dir='ltr'>cordis</span> <span class='ocrx_word' id='word_1_113' title='bbox 348 1140 416 1196; x_wconf 86' lang='lat' dir='ltr'>beda</span> <span class='ocrx_word' id='word_1_114' title='bbox 429 1141 549 1198; x_wconf 86' lang='lat' dir='ltr'>nescire.</span> <span class='ocrx_word' id='word_1_115' title='bbox 572 1141 649 1198; x_wconf 87' lang='lat' dir='ltr'>Unde</span> <span class='ocrx_word' id='word_1_116' title='bbox 662 1151 690 1199; x_wconf 94' lang='lat' dir='ltr'>et</span> <span class='ocrx_word' id='word_1_117' title='bbox 703 1144 804 1199; x_wconf 79' lang='lat' dir='ltr'>bantus</span> <span class='ocrx_word' id='word_1_118' title='bbox 817 1145 987 1201; x_wconf 86' lang='lat' dir='ltr'>enrrttdenter</span> <span class='ocrx_word' id='word_1_119' title='bbox 999 1145 1042 1214; x_wconf 84' lang='lat' dir='ltr'>ju·</span> <span class='ocrx_word' id='word_1_120' title='bbox 1092 1142 1262 1201; x_wconf 85' lang='lat' dir='ltr'>inudettraus</span> <span class='ocrx_word' id='word_1_121' title='bbox 1277 1143 1418 1217; x_wconf 76' lang='lat' dir='ltr'>arguitur,</span> <span class='ocrx_word' id='word_1_122' title='bbox 1443 1153 1471 1200; x_wconf 90' lang='lat' dir='ltr'>et</span> <span class='ocrx_word' id='word_1_123' title='bbox 1495 1143 1662 1214; x_wconf 89' lang='lat' dir='ltr'>temporario</span> <span class='ocrx_word' id='word_1_124' title='bbox 1682 1142 1797 1200; x_wconf 83' lang='lat' dir='ltr'>stteuoo</span> <span class='ocrx_word' id='word_1_125' title='bbox 1816 1144 1894 1202; x_wconf 78' lang='lat' dir='ltr'>rasti·</span> 
     </span>
     <span class='ocr_line' id='line_1_10' title="bbox 240 1235 1893 1312; baseline -0.001 -18"><span class='ocrx_word' id='word_1_126' title='bbox 240 1236 302 1305; x_wconf 90' lang='lat' dir='ltr'>bet,</span> <span class='ocrx_word' id='word_1_127' title='bbox 326 1237 443 1294; x_wconf 86' lang='lat' dir='ltr'>diceas:</span> <span class='ocrx_word' id='word_1_128' title='bbox 470 1238 578 1309; x_wconf 79' lang='lat' dir='ltr'>Oportet</span> <span class='ocrx_word' id='word_1_129' title='bbox 597 1240 666 1294; x_wconf 85' lang='lat' dir='ltr'>enim</span> <span class='ocrx_word' id='word_1_130' title='bbox 687 1240 840 1312; x_wconf 75' lang='lat' dir='ltr'>episcopum</span> <span class='ocrx_word' id='word_1_131' title='bbox 854 1240 911 1295; x_wconf 81' lang='lat' dir='ltr'>aine</span> <span class='ocrx_word' id='word_1_132' title='bbox 936 1241 1042 1294; x_wconf 84' lang='lat' dir='ltr'>criuriue</span> <span class='ocrx_word' id='word_1_133' title='bbox 1093 1247 1186 1311; x_wconf 79' lang='lat' dir='ltr'>gatur.</span> <span class='ocrx_word' id='word_1_134' title='bbox 1207 1237 1325 1295; x_wconf 88' lang='lat' dir='ltr'>Undeet</span> <span class='ocrx_word' id='word_1_135' title='bbox 1338 1238 1442 1294; x_wconf 89' lang='lat' dir='ltr'>Paulus</span> <span class='ocrx_word' id='word_1_136' title='bbox 1453 1236 1537 1294; x_wconf 88' lang='lat' dir='ltr'>dicit:</span> <span class='ocrx_word' id='word_1_137' title='bbox 1555 1235 1649 1308; x_wconf 75' lang='lat' dir='ltr'>Itaque</span> <span class='ocrx_word' id='word_1_138' title='bbox 1660 1237 1707 1308; x_wconf 87' lang='lat' dir='ltr'>qui</span> <span class='ocrx_word' id='word_1_139' title='bbox 1724 1254 1754 1293; x_wconf 81' lang='lat' dir='ltr'>se</span> <span class='ocrx_word' id='word_1_140' title='bbox 1768 1238 1893 1294; x_wconf 74' lang='lat' dir='ltr'>coistinrot</span> 
     </span>
     <span class='ocr_line' id='line_1_11' title="bbox 240 1331 1892 1407; baseline 0.002 -19"><span class='ocrx_word' id='word_1_141' title='bbox 240 1349 295 1388; x_wconf 82' lang='lat' dir='ltr'>erae</span> <span class='ocrx_word' id='word_1_142' title='bbox 310 1332 375 1402; x_wconf 81' lang='lat' dir='ltr'>(Tit.</span> <span class='ocrx_word' id='word_1_143' title='bbox 396 1349 423 1400; x_wconf 88' lang='grc' dir='ltr'>ι,</span> <span class='ocrx_word' id='word_1_144' title='bbox 443 1331 482 1404; x_wconf 78' lang='grc' dir='ltr'>ιι).</span> <span class='ocrx_word' id='word_1_145' title='bbox 504 1334 538 1389; x_wconf 86' lang='grc' dir='ltr'>Ει</span> <span class='ocrx_word' id='word_1_146' title='bbox 551 1334 615 1390; x_wconf 85' lang='lat' dir='ltr'>aiibi</span> <span class='ocrx_word' id='word_1_147' title='bbox 638 1336 766 1405; x_wconf 73' lang='lat' dir='ltr'>generale</span> <span class='ocrx_word' id='word_1_148' title='bbox 788 1336 834 1391; x_wconf 91' lang='lat' dir='ltr'>dat</span> <span class='ocrx_word' id='word_1_149' title='bbox 856 1335 1040 1391; x_wconf 84' lang='lat' dir='ltr'>testimonium</span> <span class='ocrx_word' id='word_1_150' title='bbox 1092 1342 1172 1404; x_wconf 83' lang='lat' dir='ltr'>stare,</span> <span class='ocrx_word' id='word_1_151' title='bbox 1188 1334 1274 1389; x_wconf 81' lang='lat' dir='ltr'>vident</span> <span class='ocrx_word' id='word_1_152' title='bbox 1288 1350 1320 1390; x_wconf 86' lang='lat' dir='ltr'>ae</span> <span class='ocrx_word' id='word_1_153' title='bbox 1333 1332 1412 1388; x_wconf 84' lang='lat' dir='ltr'>codot</span> <span class='ocrx_word' id='word_1_154' title='bbox 1428 1333 1450 1407; x_wconf 87' lang='lat' dir='ltr'>(i</span> <span class='ocrx_word' id='word_1_155' title='bbox 1463 1332 1524 1388; x_wconf 81' lang='lat' dir='ltr'>Cor.</span> <span class='ocrx_word' id='word_1_156' title='bbox 1541 1349 1569 1401; x_wconf 87' lang='grc' dir='ltr'>ι,</span> <span class='ocrx_word' id='word_1_157' title='bbox 1588 1334 1643 1407; x_wconf 63' lang='grc' dir='ltr'>ιι).</span> <span class='ocrx_word' id='word_1_158' title='bbox 1666 1334 1701 1390; x_wconf 85' lang='grc' dir='ltr'>Ει</span> <span class='ocrx_word' id='word_1_159' title='bbox 1714 1335 1794 1404; x_wconf 86' lang='lat' dir='ltr'>quasi</span> <span class='ocrx_word' id='word_1_160' title='bbox 1810 1334 1892 1392; x_wconf 82' lang='lat' dir='ltr'>torma</span> 
     </span>
     <span class='ocr_line' id='line_1_12' title="bbox 240 1424 1890 1501; baseline 0 -20"><span class='ocrx_word' id='word_1_161' title='bbox 240 1424 390 1481; x_wconf 81' lang='lat' dir='ltr'>Corinthiis</span> <span class='ocrx_word' id='word_1_162' title='bbox 402 1435 484 1496; x_wconf 91' lang='lat' dir='ltr'>atquc</span> <span class='ocrx_word' id='word_1_163' title='bbox 502 1429 620 1484; x_wconf 86' lang='lat' dir='ltr'>asserit:</span> <span class='ocrx_word' id='word_1_164' title='bbox 645 1425 688 1482; x_wconf 83' lang='lat' dir='ltr'>Itu</span> <span class='ocrx_word' id='word_1_165' title='bbox 700 1437 728 1482; x_wconf 88' lang='lat' dir='ltr'>ut</span> <span class='ocrx_word' id='word_1_166' title='bbox 748 1443 799 1483; x_wconf 88' lang='lat' dir='ltr'>uorr</span> <span class='ocrx_word' id='word_1_167' title='bbox 820 1428 961 1501; x_wconf 78' lang='lat' dir='ltr'>indiqeotis</span> <span class='ocrx_word' id='word_1_168' title='bbox 982 1427 1038 1482; x_wconf 81' lang='lat' dir='ltr'>utto</span> <span class='ocrx_word' id='word_1_169' title='bbox 1094 1428 1233 1483; x_wconf 87' lang='lat' dir='ltr'>bominum</span> <span class='ocrx_word' id='word_1_170' title='bbox 1246 1427 1281 1484; x_wconf 85' lang='lat' dir='ltr'>dc</span> <span class='ocrx_word' id='word_1_171' title='bbox 1296 1441 1325 1484; x_wconf 84' lang='lat' dir='ltr'>se</span> <span class='ocrx_word' id='word_1_172' title='bbox 1336 1424 1396 1498; x_wconf 88' lang='lat' dir='ltr'>ipse</span> <span class='ocrx_word' id='word_1_173' title='bbox 1411 1425 1566 1497; x_wconf 78' lang='lat' dir='ltr'>pronuntiat</span> <span class='ocrx_word' id='word_1_174' title='bbox 1580 1425 1695 1483; x_wconf 85' lang='lat' dir='ltr'>dicens:</span> <span class='ocrx_word' id='word_1_175' title='bbox 1714 1425 1823 1500; x_wconf 82' lang='lat' dir='ltr'>Cortipo</span> <span class='ocrx_word' id='word_1_176' title='bbox 1836 1444 1890 1483; x_wconf 85' lang='lat' dir='ltr'>ror·</span> 
     </span>
     <span class='ocr_line' id='line_1_13' title="bbox 240 1519 1891 1593; baseline 0.004 -21"><span class='ocrx_word' id='word_1_177' title='bbox 240 1521 342 1590; x_wconf 82' lang='lat' dir='ltr'>pretio,</span> <span class='ocrx_word' id='word_1_178' title='bbox 353 1529 530 1593; x_wconf 67' lang='lat' dir='ltr'>exspectantes</span> <span class='ocrx_word' id='word_1_179' title='bbox 552 1521 734 1577; x_wconf 77' lang='lat' dir='ltr'>reaututtnunn</span> <span class='ocrx_word' id='word_1_180' title='bbox 753 1520 860 1575; x_wconf 78' lang='lat' dir='ltr'>Domini</span> <span class='ocrx_word' id='word_1_181' title='bbox 880 1521 962 1575; x_wconf 82' lang='lat' dir='ltr'>trortri</span> <span class='ocrx_word' id='word_1_182' title='bbox 976 1519 1041 1576; x_wconf 74' lang='lat' dir='ltr'>Jrau</span> <span class='ocrx_word' id='word_1_183' title='bbox 1093 1536 1141 1591; x_wconf 84' lang='lat' dir='ltr'>pur</span> <span class='ocrx_word' id='word_1_184' title='bbox 1154 1537 1239 1574; x_wconf 83' lang='lat' dir='ltr'>meram</span> <span class='ocrx_word' id='word_1_185' title='bbox 1253 1529 1277 1575; x_wconf 87' lang='lat' dir='ltr'>rt</span> <span class='ocrx_word' id='word_1_186' title='bbox 1293 1521 1319 1574; x_wconf 88' lang='lat' dir='ltr'>in</span> <span class='ocrx_word' id='word_1_187' title='bbox 1332 1519 1479 1575; x_wconf 76' lang='lat' dir='ltr'>servitutem</span> <span class='ocrx_word' id='word_1_188' title='bbox 1490 1519 1598 1591; x_wconf 80' lang='lat' dir='ltr'>rediqo:</span> <span class='ocrx_word' id='word_1_189' title='bbox 1611 1537 1643 1575; x_wconf 86' lang='lat' dir='ltr'>uc</span> <span class='ocrx_word' id='word_1_190' title='bbox 1658 1521 1742 1589; x_wconf 69' lang='lat' dir='ltr'>torte,</span> <span class='ocrx_word' id='word_1_191' title='bbox 1764 1536 1823 1574; x_wconf 88' lang='lat' dir='ltr'>com</span> <span class='ocrx_word' id='word_1_192' title='bbox 1835 1520 1891 1578; x_wconf 77' lang='lat' dir='ltr'>otiis</span> 
     </span>
     <span class='ocr_line' id='line_1_14' title="bbox 240 1611 1889 1686; baseline 0.001 -19"><span class='ocrx_word' id='word_1_193' title='bbox 240 1611 360 1667; x_wconf 72' lang='lat' dir='ltr'>Christi:</span> <span class='ocrx_word' id='word_1_194' title='bbox 384 1614 429 1683; x_wconf 83' lang='lat' dir='ltr'>qui</span> <span class='ocrx_word' id='word_1_195' title='bbox 450 1622 474 1668; x_wconf 90' lang='lat' dir='ltr'>et</span> <span class='ocrx_word' id='word_1_196' title='bbox 489 1613 651 1683; x_wconf 78' lang='lat' dir='ltr'>confirmabit</span> <span class='ocrx_word' id='word_1_197' title='bbox 667 1630 710 1668; x_wconf 85' lang='lat' dir='ltr'>ros</span> <span class='ocrx_word' id='word_1_198' title='bbox 729 1629 811 1684; x_wconf 84' lang='lat' dir='ltr'>caque</span> <span class='ocrx_word' id='word_1_199' title='bbox 826 1614 852 1666; x_wconf 88' lang='lat' dir='ltr'>iu</span> <span class='ocrx_word' id='word_1_200' title='bbox 866 1614 962 1683; x_wconf 80' lang='lat' dir='ltr'>finem,</span> <span class='ocrx_word' id='word_1_201' title='bbox 986 1613 1042 1668; x_wconf 82' lang='lat' dir='ltr'>siue</span> <span class='ocrx_word' id='word_1_202' title='bbox 1093 1615 1299 1685; x_wconf 70' lang='lat' dir='ltr'>procreaverant,</span> <span class='ocrx_word' id='word_1_203' title='bbox 1320 1615 1375 1686; x_wconf 84' lang='lat' dir='ltr'>ipre</span> <span class='ocrx_word' id='word_1_204' title='bbox 1394 1613 1520 1683; x_wconf 81' lang='lat' dir='ltr'>reprobus</span> <span class='ocrx_word' id='word_1_205' title='bbox 1531 1614 1612 1686; x_wconf 71' lang='lat'>611</span> <span class='ocrx_word' id='word_1_206' title='bbox 1627 1613 1726 1684; x_wconf 70' lang='lat' dir='ltr'>efficior</span> <span class='ocrx_word' id='word_1_207' title='bbox 1741 1612 1767 1682; x_wconf 95' lang='grc' dir='ltr'>(Ι</span> <span class='ocrx_word' id='word_1_208' title='bbox 1782 1611 1841 1667; x_wconf 83' lang='lat' dir='ltr'>Cor.</span> <span class='ocrx_word' id='word_1_209' title='bbox 1856 1630 1889 1680; x_wconf 82' lang='lat' dir='ltr'>rx,</span> 
     </span>
     <span class='ocr_line' id='line_1_15' title="bbox 241 1704 1888 1781; baseline 0.002 -22"><span class='ocrx_word' id='word_1_210' title='bbox 241 1705 349 1759; x_wconf 78' lang='lat' dir='ltr'>ariadne</span> <span class='ocrx_word' id='word_1_211' title='bbox 363 1705 385 1777; x_wconf 82' lang='lat' dir='ltr'>(l</span> <span class='ocrx_word' id='word_1_212' title='bbox 397 1704 458 1762; x_wconf 80' lang='lat' dir='ltr'>Cor.</span> <span class='ocrx_word' id='word_1_213' title='bbox 471 1722 493 1775; x_wconf 92' lang='lat' dir='ltr'>r,</span> <span class='ocrx_word' id='word_1_214' title='bbox 509 1708 536 1776; x_wconf 78' lang='grc'>7,</span> <span class='ocrx_word' id='word_1_215' title='bbox 551 1706 591 1777; x_wconf 87' lang='grc'>8).</span> <span class='ocrx_word' id='word_1_216' title='bbox 608 1707 676 1763; x_wconf 76' lang='lat' dir='ltr'>Erec</span> <span class='ocrx_word' id='word_1_217' title='bbox 690 1707 791 1763; x_wconf 77' lang='lat' dir='ltr'>baudus</span> <span class='ocrx_word' id='word_1_218' title='bbox 803 1721 872 1779; x_wconf 88' lang='lat' dir='ltr'>quos</span> <span class='ocrx_word' id='word_1_219' title='bbox 886 1707 1042 1763; x_wconf 91' lang='lat' dir='ltr'>testimonio</span> <span class='ocrx_word' id='word_1_220' title='bbox 1092 1708 1153 1781; x_wconf 67' lang='grc'><strong>97.)</strong></span> <span class='ocrx_word' id='word_1_221' title='bbox 1167 1709 1205 1764; x_wconf 88' lang='lat' dir='ltr'>ita</span> <span class='ocrx_word' id='word_1_222' title='bbox 1220 1710 1276 1765; x_wconf 81' lang='lat' dir='ltr'>rino</span> <span class='ocrx_word' id='word_1_223' title='bbox 1289 1709 1399 1765; x_wconf 79' lang='lat' dir='ltr'>erimine</span> <span class='ocrx_word' id='word_1_224' title='bbox 1410 1708 1464 1765; x_wconf 87' lang='lat' dir='ltr'>diei</span> <span class='ocrx_word' id='word_1_225' title='bbox 1481 1723 1649 1781; x_wconf 82' lang='lat' dir='ltr'>quemquam</span> <span class='ocrx_word' id='word_1_226' title='bbox 1665 1718 1692 1764; x_wconf 91' lang='lat' dir='ltr'>et</span> <span class='ocrx_word' id='word_1_227' title='bbox 1706 1708 1888 1779; x_wconf 81' lang='lat' dir='ltr'>sinequeretr:</span> 
     </span>
     <span class='ocr_line' id='line_1_16' title="bbox 242 1799 1891 1876; baseline 0.003 -22"><span class='ocrx_word' id='word_1_228' title='bbox 242 1811 293 1855; x_wconf 86' lang='lat' dir='ltr'>suo</span> <span class='ocrx_word' id='word_1_229' title='bbox 305 1813 391 1870; x_wconf 69' lang='lat' dir='ltr'>usqne</span> <span class='ocrx_word' id='word_1_230' title='bbox 401 1799 427 1855; x_wconf 79' lang='lat' dir='ltr'>iu</span> <span class='ocrx_word' id='word_1_231' title='bbox 440 1800 521 1856; x_wconf 87' lang='lat' dir='ltr'>tinem</span> <span class='ocrx_word' id='word_1_232' title='bbox 535 1800 680 1856; x_wconf 85' lang='lat' dir='ltr'>conbrmnt</span> <span class='ocrx_word' id='word_1_233' title='bbox 693 1815 754 1856; x_wconf 87' lang='lat' dir='ltr'>esse</span> <span class='ocrx_word' id='word_1_234' title='bbox 769 1801 828 1855; x_wconf 90' lang='lat' dir='ltr'>siue</span> <span class='ocrx_word' id='word_1_235' title='bbox 838 1799 963 1866; x_wconf 89' lang='lat' dir='ltr'>erimine,</span> <span class='ocrx_word' id='word_1_236' title='bbox 974 1814 1038 1855; x_wconf 83' lang='lat' dir='ltr'>ruox</span> <span class='ocrx_word' id='word_1_237' title='bbox 1093 1821 1148 1861; x_wconf 91' lang='lat' dir='ltr'>nou</span> <span class='ocrx_word' id='word_1_238' title='bbox 1164 1814 1206 1861; x_wconf 90' lang='lat' dir='ltr'>est</span> <span class='ocrx_word' id='word_1_239' title='bbox 1222 1804 1396 1876; x_wconf 74' lang='lat' dir='ltr'>perfeetionis</span> <span class='ocrx_word' id='word_1_240' title='bbox 1408 1803 1606 1873; x_wconf 88' lang='lat' dir='ltr'>testimonium,</span> <span class='ocrx_word' id='word_1_241' title='bbox 1620 1801 1668 1861; x_wconf 86' lang='lat' dir='ltr'>sed</span> <span class='ocrx_word' id='word_1_242' title='bbox 1680 1801 1891 1860; x_wconf 79' lang='lat' dir='ltr'>conversationis</span> 
     </span>
     <span class='ocr_line' id='line_1_17' title="bbox 240 1875 1262 1970; baseline -0.004 -21"><span class='ocrx_word' id='word_1_243' title='bbox 240 1891 352 1949; x_wconf 87' lang='lat' dir='ltr'>cosdem</span> <span class='ocrx_word' id='word_1_244' title='bbox 369 1892 397 1946; x_wconf 93' lang='lat' dir='ltr'>in</span> <span class='ocrx_word' id='word_1_245' title='bbox 413 1893 507 1948; x_wconf 90' lang='lat' dir='ltr'>cadom</span> <span class='ocrx_word' id='word_1_246' title='bbox 526 1892 642 1963; x_wconf 89' lang='lat' dir='ltr'>epistola</span> <span class='ocrx_word' id='word_1_247' title='bbox 657 1893 792 1963; x_wconf 84' lang='lat' dir='ltr'>corripit,</span> <span class='ocrx_word' id='word_1_248' title='bbox 814 1893 955 1949; x_wconf 87' lang='lat' dir='ltr'>scribens:</span> <span class='ocrx_word' id='word_1_249' title='bbox 981 1890 1042 1946; x_wconf 73' lang='lat' dir='ltr'>dom</span> <span class='ocrx_word' id='word_1_250' title='bbox 1059 1875 1080 1934; x_wconf 84' lang='grc' dir='ltr'><strong>Β</strong></span> <span class='ocrx_word' id='word_1_251' title='bbox 1095 1899 1262 1970; x_wconf 63' lang='lat' dir='ltr'>paeruptum,</span> 
     </span>
     <span class='ocr_line' id='line_1_18' title="bbox 240 1986 1890 2063; baseline 0 -20"><span class='ocrx_word' id='word_1_252' title='bbox 240 1989 346 2060; x_wconf 82' lang='lat' dir='ltr'>quidem</span> <span class='ocrx_word' id='word_1_253' title='bbox 361 1989 465 2044; x_wconf 87' lang='lat' dir='ltr'>orrtrrino</span> <span class='ocrx_word' id='word_1_254' title='bbox 479 1988 602 2043; x_wconf 76' lang='lat' dir='ltr'>delictum</span> <span class='ocrx_word' id='word_1_255' title='bbox 613 1995 650 2044; x_wconf 85' lang='lat' dir='ltr'>ert</span> <span class='ocrx_word' id='word_1_256' title='bbox 663 1989 689 2042; x_wconf 85' lang='lat' dir='ltr'>r&#39;n</span> <span class='ocrx_word' id='word_1_257' title='bbox 704 1988 784 2054; x_wconf 84' lang='lat' dir='ltr'>robis,</span> <span class='ocrx_word' id='word_1_258' title='bbox 797 1988 866 2058; x_wconf 86' lang='lat' dir='ltr'>quod</span> <span class='ocrx_word' id='word_1_259' title='bbox 875 1988 980 2059; x_wconf 79' lang='lat' dir='ltr'>judicio</span> <span class='ocrx_word' id='word_1_260' title='bbox 992 1986 1041 2040; x_wconf 82' lang='lat' dir='ltr'>lau·</span> <span class='ocrx_word' id='word_1_261' title='bbox 1128 1992 1173 2047; x_wconf 65' lang='lat'>95.</span> <span class='ocrx_word' id='word_1_262' title='bbox 1201 1991 1241 2047; x_wconf 82' lang='lat' dir='ltr'>De</span> <span class='ocrx_word' id='word_1_263' title='bbox 1265 1990 1443 2048; x_wconf 75' lang='lat' dir='ltr'>immaculato</span> <span class='ocrx_word' id='word_1_264' title='bbox 1457 2000 1546 2048; x_wconf 84' lang='lat' dir='ltr'>autem</span> <span class='ocrx_word' id='word_1_265' title='bbox 1567 1990 1735 2063; x_wconf 84' lang='lat' dir='ltr'>ubicumque</span> <span class='ocrx_word' id='word_1_266' title='bbox 1754 1990 1890 2062; x_wconf 79' lang='lat' dir='ltr'>Scriptura</span> 
     </span>
     <span class='ocr_line' id='line_1_19' title="bbox 240 2077 1887 2157; baseline -0.005 -10"><span class='ocrx_word' id='word_1_267' title='bbox 240 2082 321 2138; x_wconf 77' lang='lat' dir='ltr'>tauro</span> <span class='ocrx_word' id='word_1_268' title='bbox 332 2083 400 2137; x_wconf 82' lang='lat' dir='ltr'>inter</span> <span class='ocrx_word' id='word_1_269' title='bbox 414 2099 459 2137; x_wconf 76' lang='lat' dir='ltr'>nos</span> <span class='ocrx_word' id='word_1_270' title='bbox 472 2081 494 2154; x_wconf 88' lang='lat'>(¹</span> <span class='ocrx_word' id='word_1_271' title='bbox 509 2080 569 2136; x_wconf 76' lang='lat' dir='ltr'>dor.</span> <span class='ocrx_word' id='word_1_272' title='bbox 586 2097 621 2147; x_wconf 87' lang='lat' dir='ltr'>n,</span> <span class='ocrx_word' id='word_1_273' title='bbox 638 2080 676 2152; x_wconf 79' lang='lat'>7)-</span> <span class='ocrx_word' id='word_1_274' title='bbox 698 2079 755 2136; x_wconf 85' lang='lat' dir='ltr'>suo</span> <span class='ocrx_word' id='word_1_275' title='bbox 769 2095 822 2136; x_wconf 88' lang='lat' dir='ltr'>nun</span> <span class='ocrx_word' id='word_1_276' title='bbox 839 2079 916 2135; x_wconf 81' lang='lat' dir='ltr'>muto</span> <span class='ocrx_word' id='word_1_277' title='bbox 929 2077 1042 2135; x_wconf 77' lang='lat' dir='ltr'>tuden-</span> <span class='ocrx_word' id='word_1_278' title='bbox 1092 2086 1260 2157; x_wconf 79' lang='lat' dir='ltr'>pronuntiat,</span> <span class='ocrx_word' id='word_1_279' title='bbox 1276 2085 1348 2141; x_wconf 81' lang='lat' dir='ltr'>stent</span> <span class='ocrx_word' id='word_1_280' title='bbox 1363 2084 1446 2141; x_wconf 81' lang='lat' dir='ltr'>baud</span> <span class='ocrx_word' id='word_1_281' title='bbox 1461 2085 1518 2140; x_wconf 82' lang='lat' dir='ltr'>ab:</span> <span class='ocrx_word' id='word_1_282' title='bbox 1534 2084 1609 2140; x_wconf 76' lang='lat' dir='ltr'>Banu</span> <span class='ocrx_word' id='word_1_283' title='bbox 1618 2082 1785 2140; x_wconf 68' lang='lat' dir='ltr'>{narraretur</span> <span class='ocrx_word' id='word_1_284' title='bbox 1802 2084 1828 2139; x_wconf 74' lang='lat' dir='ltr'>aa</span> <span class='ocrx_word' id='word_1_285' title='bbox 1842 2084 1887 2151; x_wconf 79' lang='lat' dir='ltr'>atr,</span> 
     </span>
     <span class='ocr_line' id='line_1_20' title="bbox 240 2172 1887 2253; baseline 0.002 -21"><span class='ocrx_word' id='word_1_286' title='bbox 240 2193 295 2248; x_wconf 91' lang='lat' dir='ltr'>que</span> <span class='ocrx_word' id='word_1_287' title='bbox 306 2176 443 2248; x_wconf 87' lang='lat' dir='ltr'>personis,</span> <span class='ocrx_word' id='word_1_288' title='bbox 455 2190 519 2232; x_wconf 90' lang='lat' dir='ltr'>ecce</span> <span class='ocrx_word' id='word_1_289' title='bbox 531 2176 586 2231; x_wconf 81' lang='lat' dir='ltr'>rinc</span> <span class='ocrx_word' id='word_1_290' title='bbox 599 2176 718 2242; x_wconf 75' lang='lat' dir='ltr'>eruntne,</span> <span class='ocrx_word' id='word_1_291' title='bbox 731 2190 795 2231; x_wconf 86' lang='lat' dir='ltr'>eece</span> <span class='ocrx_word' id='word_1_292' title='bbox 807 2174 950 2228; x_wconf 71' lang='lat' dir='ltr'>detiorum:</span> <span class='ocrx_word' id='word_1_293' title='bbox 968 2189 993 2225; x_wconf 89' lang='lat' dir='ltr'>ru</span> <span class='ocrx_word' id='word_1_294' title='bbox 1005 2172 1040 2228; x_wconf 88' lang='lat' dir='ltr'>de</span> <span class='ocrx_word' id='word_1_295' title='bbox 1091 2182 1137 2252; x_wconf 70' lang='lat' dir='ltr'>qut</span> <span class='ocrx_word' id='word_1_296' title='bbox 1150 2179 1283 2235; x_wconf 73' lang='lat' dir='ltr'>enatarunt</span> <span class='ocrx_word' id='word_1_297' title='bbox 1295 2181 1322 2236; x_wconf 79' lang='lat' dir='ltr'>in</span> <span class='ocrx_word' id='word_1_298' title='bbox 1339 2179 1395 2253; x_wconf 73' lang='lat' dir='ltr'>repe</span> <span class='ocrx_word' id='word_1_299' title='bbox 1415 2179 1521 2236; x_wconf 76' lang='lat' dir='ltr'>bantini</span> <span class='ocrx_word' id='word_1_300' title='bbox 1534 2178 1623 2253; x_wconf 84' lang='grc' dir='ltr'>(Ριοι.</span> <span class='ocrx_word' id='word_1_301' title='bbox 1644 2196 1749 2247; x_wconf 82' lang='lat' dir='ltr'>crrur,</span> <span class='ocrx_word' id='word_1_302' title='bbox 1767 2181 1813 2251; x_wconf 84' lang='lat' dir='ltr'>t),</span> <span class='ocrx_word' id='word_1_303' title='bbox 1829 2194 1887 2236; x_wconf 84' lang='lat' dir='ltr'>sana</span> 
     </span>
     <span class='ocr_line' id='line_1_21' title="bbox 239 2266 1887 2347; baseline -0.002 -21"><span class='ocrx_word' id='word_1_304' title='bbox 239 2268 372 2340; x_wconf 85' lang='lat' dir='ltr'>declarat,</span> <span class='ocrx_word' id='word_1_305' title='bbox 386 2285 439 2325; x_wconf 93' lang='lat' dir='ltr'>nun</span> <span class='ocrx_word' id='word_1_306' title='bbox 452 2270 543 2326; x_wconf 87' lang='lat' dir='ltr'>statim</span> <span class='ocrx_word' id='word_1_307' title='bbox 558 2270 617 2326; x_wconf 88' lang='lat' dir='ltr'>sinc</span> <span class='ocrx_word' id='word_1_308' title='bbox 629 2268 730 2325; x_wconf 89' lang='lat' dir='ltr'>dotieto</span> <span class='ocrx_word' id='word_1_309' title='bbox 741 2269 839 2336; x_wconf 90' lang='lat' dir='ltr'>asseri,</span> <span class='ocrx_word' id='word_1_310' title='bbox 855 2282 934 2339; x_wconf 89' lang='lat' dir='ltr'>quem</span> <span class='ocrx_word' id='word_1_311' title='bbox 946 2266 1040 2323; x_wconf 86' lang='lat' dir='ltr'>rideas</span> <span class='ocrx_word' id='word_1_312' title='bbox 1091 2276 1216 2332; x_wconf 67' lang='lat' dir='ltr'>doctrina</span> <span class='ocrx_word' id='word_1_313' title='bbox 1226 2275 1354 2332; x_wconf 53' lang='lat' dir='ltr'>stauarum</span> <span class='ocrx_word' id='word_1_314' title='bbox 1370 2291 1442 2343; x_wconf 70' lang='lat' dir='ltr'>reor,</span> <span class='ocrx_word' id='word_1_315' title='bbox 1456 2276 1518 2347; x_wconf 71' lang='lat' dir='ltr'>qnia</span> <span class='ocrx_word' id='word_1_316' title='bbox 1533 2290 1598 2332; x_wconf 71' lang='lat' dir='ltr'>vere</span> <span class='ocrx_word' id='word_1_317' title='bbox 1611 2274 1763 2344; x_wconf 66' lang='lat' dir='ltr'>marteine,</span> <span class='ocrx_word' id='word_1_318' title='bbox 1773 2275 1819 2346; x_wconf 80' lang='lat' dir='ltr'>qui</span> <span class='ocrx_word' id='word_1_319' title='bbox 1831 2282 1887 2330; x_wconf 74' lang='lat' dir='ltr'>snut</span> 
     </span>
     <span class='ocr_line' id='line_1_22' title="bbox 240 2362 1887 2439; baseline 0 -20"><span class='ocrx_word' id='word_1_320' title='bbox 240 2363 301 2420; x_wconf 90' lang='lat' dir='ltr'>sine</span> <span class='ocrx_word' id='word_1_321' title='bbox 319 2363 434 2420; x_wconf 87' lang='lat' dir='ltr'>erimine</span> <span class='ocrx_word' id='word_1_322' title='bbox 453 2363 599 2418; x_wconf 89' lang='lat' dir='ltr'>noruinari.</span> <span class='ocrx_word' id='word_1_323' title='bbox 623 2362 698 2417; x_wconf 83' lang='lat' dir='ltr'>bixit</span> <span class='ocrx_word' id='word_1_324' title='bbox 712 2363 786 2418; x_wconf 89' lang='lat' dir='ltr'>cuim</span> <span class='ocrx_word' id='word_1_325' title='bbox 806 2372 834 2418; x_wconf 90' lang='lat' dir='ltr'>et</span> <span class='ocrx_word' id='word_1_326' title='bbox 849 2363 980 2417; x_wconf 81' lang='lat' dir='ltr'>bantinus</span> <span class='ocrx_word' id='word_1_327' title='bbox 995 2362 1041 2417; x_wconf 83' lang='lat' dir='ltr'>dc·</span> <span class='ocrx_word' id='word_1_328' title='bbox 1091 2367 1256 2424; x_wconf 74' lang='lat' dir='ltr'>immaculari</span> <span class='ocrx_word' id='word_1_329' title='bbox 1274 2368 1300 2423; x_wconf 80' lang='lat' dir='ltr'>in</span> <span class='ocrx_word' id='word_1_330' title='bbox 1316 2369 1371 2436; x_wconf 76' lang='lat' dir='ltr'>ria,</span> <span class='ocrx_word' id='word_1_331' title='bbox 1393 2367 1445 2426; x_wconf 73' lang='lat' dir='ltr'>troc</span> <span class='ocrx_word' id='word_1_332' title='bbox 1459 2376 1518 2436; x_wconf 81' lang='lat' dir='ltr'>est,</span> <span class='ocrx_word' id='word_1_333' title='bbox 1536 2368 1657 2439; x_wconf 74' lang='lat' dir='ltr'>perfecta</span> <span class='ocrx_word' id='word_1_334' title='bbox 1669 2367 1729 2424; x_wconf 74' lang='lat' dir='ltr'>dds</span> <span class='ocrx_word' id='word_1_335' title='bbox 1742 2368 1769 2424; x_wconf 82' lang='lat' dir='ltr'>in</span> <span class='ocrx_word' id='word_1_336' title='bbox 1782 2369 1887 2424; x_wconf 75' lang='lat' dir='ltr'>veritato</span> 
     </span>
     <span class='ocr_line' id='line_1_23' title="bbox 238 2456 1886 2535; baseline 0.001 -21"><span class='ocrx_word' id='word_1_337' title='bbox 238 2473 303 2515; x_wconf 88' lang='lat' dir='ltr'>sus:</span> <span class='ocrx_word' id='word_1_338' title='bbox 320 2457 397 2513; x_wconf 83' lang='lat' dir='ltr'>Vrarit</span> <span class='ocrx_word' id='word_1_339' title='bbox 408 2457 522 2513; x_wconf 85' lang='lat' dir='ltr'>Joomres</span> <span class='ocrx_word' id='word_1_340' title='bbox 535 2474 586 2514; x_wconf 86' lang='lat' dir='ltr'>nort</span> <span class='ocrx_word' id='word_1_341' title='bbox 597 2458 758 2513; x_wconf 78' lang='lat' dir='ltr'>nrorrducuar</span> <span class='ocrx_word' id='word_1_342' title='bbox 768 2473 849 2528; x_wconf 84' lang='lat' dir='ltr'>neque</span> <span class='ocrx_word' id='word_1_343' title='bbox 860 2458 946 2514; x_wconf 80' lang='lat' dir='ltr'>bibens</span> <span class='ocrx_word' id='word_1_344' title='bbox 958 2456 1037 2528; x_wconf 79' lang='lat' dir='ltr'>(lare.</span> <span class='ocrx_word' id='word_1_345' title='bbox 1090 2463 1265 2535; x_wconf 74' lang='lat' dir='ltr'>gradientes:</span> <span class='ocrx_word' id='word_1_346' title='bbox 1288 2476 1341 2518; x_wconf 85' lang='lat' dir='ltr'>non</span> <span class='ocrx_word' id='word_1_347' title='bbox 1355 2462 1524 2518; x_wconf 82' lang='lat' dir='ltr'>decimantes</span> <span class='ocrx_word' id='word_1_348' title='bbox 1539 2463 1667 2520; x_wconf 79' lang='lat' dir='ltr'>trmretica</span> <span class='ocrx_word' id='word_1_349' title='bbox 1685 2463 1830 2535; x_wconf 79' lang='lat' dir='ltr'>pravitate,</span> <span class='ocrx_word' id='word_1_350' title='bbox 1847 2474 1886 2519; x_wconf 87' lang='lat' dir='ltr'>ae·</span> 
     </span>
     <span class='ocr_line' id='line_1_24' title="bbox 240 2551 1886 2626; baseline 0.001 -17"><span class='ocrx_word' id='word_1_351' title='bbox 240 2568 290 2623; x_wconf 83' lang='lat' dir='ltr'>vn,</span> <span class='ocrx_word' id='word_1_352' title='bbox 304 2554 362 2626; x_wconf 76' lang='grc'><strong>35).</strong></span> <span class='ocrx_word' id='word_1_353' title='bbox 375 2553 410 2609; x_wconf 77' lang='lat' dir='ltr'>Fa</span> <span class='ocrx_word' id='word_1_354' title='bbox 423 2554 522 2610; x_wconf 89' lang='lat' dir='ltr'>iterum</span> <span class='ocrx_word' id='word_1_355' title='bbox 536 2554 669 2626; x_wconf 88' lang='lat' dir='ltr'>scriptum</span> <span class='ocrx_word' id='word_1_356' title='bbox 686 2562 744 2609; x_wconf 89' lang='lat' dir='ltr'>est:</span> <span class='ocrx_word' id='word_1_357' title='bbox 762 2551 830 2608; x_wconf 83' lang='lat' dir='ltr'>b&#39;sco</span> <span class='ocrx_word' id='word_1_358' title='bbox 844 2552 917 2608; x_wconf 81' lang='lat' dir='ltr'>idios</span> <span class='ocrx_word' id='word_1_359' title='bbox 932 2562 988 2606; x_wconf 83' lang='lat' dir='ltr'>rant</span> <span class='ocrx_word' id='word_1_360' title='bbox 1001 2554 1040 2606; x_wconf 83' lang='lat' dir='ltr'>to·</span> <span class='ocrx_word' id='word_1_361' title='bbox 1091 2570 1144 2625; x_wconf 94' lang='lat' dir='ltr'>quc</span> <span class='ocrx_word' id='word_1_362' title='bbox 1160 2557 1186 2611; x_wconf 89' lang='lat' dir='ltr'>in</span> <span class='ocrx_word' id='word_1_363' title='bbox 1201 2554 1361 2618; x_wconf 82' lang='lat' dir='ltr'>dexteram.</span> <span class='ocrx_word' id='word_1_364' title='bbox 1383 2569 1469 2626; x_wconf 89' lang='lat' dir='ltr'>ueqne</span> <span class='ocrx_word' id='word_1_365' title='bbox 1490 2553 1517 2610; x_wconf 93' lang='lat' dir='ltr'>in</span> <span class='ocrx_word' id='word_1_366' title='bbox 1540 2553 1692 2612; x_wconf 89' lang='lat' dir='ltr'>sinistram.</span> <span class='ocrx_word' id='word_1_367' title='bbox 1708 2553 1760 2610; x_wconf 80' lang='lat' dir='ltr'>Vin</span> <span class='ocrx_word' id='word_1_368' title='bbox 1772 2553 1886 2611; x_wconf 78' lang='lat' dir='ltr'>comm</span> 
     </span>
     <span class='ocr_line' id='line_1_25' title="bbox 239 2645 1885 2720; baseline 0.004 -20"><span class='ocrx_word' id='word_1_369' title='bbox 239 2654 324 2715; x_wconf 82' lang='lat' dir='ltr'>curto,</span> <span class='ocrx_word' id='word_1_370' title='bbox 347 2657 370 2701; x_wconf 89' lang='lat' dir='ltr'>et</span> <span class='ocrx_word' id='word_1_371' title='bbox 383 2646 433 2702; x_wconf 82' lang='lat' dir='ltr'>mei</span> <span class='ocrx_word' id='word_1_372' title='bbox 447 2647 565 2704; x_wconf 72' lang='lat' dir='ltr'>siluestre</span> <span class='ocrx_word' id='word_1_373' title='bbox 579 2646 677 2720; x_wconf 79' lang='lat' dir='ltr'>(diutia.</span> <span class='ocrx_word' id='word_1_374' title='bbox 695 2662 732 2713; x_wconf 91' lang='lat' dir='ltr'>ut,</span> <span class='ocrx_word' id='word_1_375' title='bbox 749 2645 789 2717; x_wconf 86' lang='lat' dir='ltr'>t).</span> <span class='ocrx_word' id='word_1_376' title='bbox 806 2645 940 2715; x_wconf 84' lang='lat' dir='ltr'>Numquid</span> <span class='ocrx_word' id='word_1_377' title='bbox 953 2646 1038 2701; x_wconf 82' lang='lat' dir='ltr'>caat·</span> <span class='ocrx_word' id='word_1_378' title='bbox 1090 2657 1151 2717; x_wconf 91' lang='lat' dir='ltr'>ost,</span> <span class='ocrx_word' id='word_1_379' title='bbox 1178 2649 1223 2718; x_wconf 91' lang='lat' dir='ltr'>qni</span> <span class='ocrx_word' id='word_1_380' title='bbox 1248 2664 1297 2720; x_wconf 87' lang='lat' dir='ltr'>per</span> <span class='ocrx_word' id='word_1_381' title='bbox 1322 2648 1452 2719; x_wconf 85' lang='lat' dir='ltr'>Spiritum</span> <span class='ocrx_word' id='word_1_382' title='bbox 1475 2657 1599 2705; x_wconf 87' lang='lat' dir='ltr'>sanctum</span> <span class='ocrx_word' id='word_1_383' title='bbox 1623 2647 1701 2705; x_wconf 88' lang='lat' dir='ltr'>ducit</span> <span class='ocrx_word' id='word_1_384' title='bbox 1724 2649 1760 2705; x_wconf 91' lang='lat' dir='ltr'>ad</span> <span class='ocrx_word' id='word_1_385' title='bbox 1787 2649 1885 2708; x_wconf 79' lang='lat' dir='ltr'>Patrem</span> 
     </span>
     <span class='ocr_line' id='line_1_26' title="bbox 240 2738 1885 2812; baseline 0 -16"><span class='ocrx_word' id='word_1_386' title='bbox 240 2747 345 2797; x_wconf 90' lang='lat' dir='ltr'>terutro</span> <span class='ocrx_word' id='word_1_387' title='bbox 358 2749 404 2797; x_wconf 93' lang='lat' dir='ltr'>aut</span> <span class='ocrx_word' id='word_1_388' title='bbox 419 2741 539 2797; x_wconf 77' lang='lat' dir='ltr'>ioannes</span> <span class='ocrx_word' id='word_1_389' title='bbox 552 2756 607 2795; x_wconf 91' lang='lat' dir='ltr'>uon</span> <span class='ocrx_word' id='word_1_390' title='bbox 622 2739 822 2808; x_wconf 88' lang='lat' dir='ltr'>manducasse,</span> <span class='ocrx_word' id='word_1_391' title='bbox 846 2747 892 2794; x_wconf 90' lang='lat' dir='ltr'>aut</span> <span class='ocrx_word' id='word_1_392' title='bbox 907 2738 1039 2795; x_wconf 84' lang='lat' dir='ltr'>Dominus</span> <span class='ocrx_word' id='word_1_393' title='bbox 1091 2738 1183 2812; x_wconf 72' lang='lat' dir='ltr'>(donn.</span> <span class='ocrx_word' id='word_1_394' title='bbox 1199 2755 1262 2807; x_wconf 84' lang='grc' dir='ltr'>ιιι,</span> <span class='ocrx_word' id='word_1_395' title='bbox 1276 2739 1317 2811; x_wconf 86' lang='grc'>6).</span> <span class='ocrx_word' id='word_1_396' title='bbox 1331 2739 1414 2812; x_wconf 72' lang='lat' dir='ltr'>Igitur</span> <span class='ocrx_word' id='word_1_397' title='bbox 1427 2738 1473 2811; x_wconf 92' lang='lat' dir='ltr'>qui</span> <span class='ocrx_word' id='word_1_398' title='bbox 1497 2742 1557 2797; x_wconf 86' lang='lat' dir='ltr'>sinc</span> <span class='ocrx_word' id='word_1_399' title='bbox 1572 2740 1678 2796; x_wconf 89' lang='lat' dir='ltr'>macula</span> <span class='ocrx_word' id='word_1_400' title='bbox 1694 2748 1779 2812; x_wconf 89' lang='lat' dir='ltr'>atque</span> <span class='ocrx_word' id='word_1_401' title='bbox 1799 2739 1885 2812; x_wconf 79' lang='lat' dir='ltr'>lepra,</span> 
     </span>
     <span class='ocr_line' id='line_1_27' title="bbox 238 2830 1888 2904; baseline -0.002 -15"><span class='ocrx_word' id='word_1_402' title='bbox 238 2832 370 2892; x_wconf 82' lang='lat' dir='ltr'>ieiellisse</span> <span class='ocrx_word' id='word_1_403' title='bbox 384 2834 538 2892; x_wconf 88' lang='lat' dir='ltr'>credendus</span> <span class='ocrx_word' id='word_1_404' title='bbox 553 2832 618 2891; x_wconf 79' lang='lat' dir='ltr'>est?</span> <span class='ocrx_word' id='word_1_405' title='bbox 632 2831 686 2890; x_wconf 84' lang='lat' dir='ltr'>Sed</span> <span class='ocrx_word' id='word_1_406' title='bbox 701 2832 869 2888; x_wconf 87' lang='lat' dir='ltr'>econtrario</span> <span class='ocrx_word' id='word_1_407' title='bbox 884 2832 910 2888; x_wconf 91' lang='lat' dir='ltr'>in</span> <span class='ocrx_word' id='word_1_408' title='bbox 923 2840 1039 2903; x_wconf 89' lang='lat' dir='ltr'>utroquo</span> <span class='ocrx_word' id='word_1_409' title='bbox 1091 2847 1141 2888; x_wconf 86' lang='lat' dir='ltr'>uec</span> <span class='ocrx_word' id='word_1_410' title='bbox 1156 2831 1326 2888; x_wconf 84' lang='lat' dir='ltr'>conviolatus</span> <span class='ocrx_word' id='word_1_411' title='bbox 1343 2831 1377 2887; x_wconf 93' lang='lat' dir='ltr'>ab</span> <span class='ocrx_word' id='word_1_412' title='bbox 1388 2830 1431 2887; x_wconf 89' lang='lat' dir='ltr'>his</span> <span class='ocrx_word' id='word_1_413' title='bbox 1444 2847 1552 2899; x_wconf 83' lang='lat' dir='ltr'>quorum</span> <span class='ocrx_word' id='word_1_414' title='bbox 1570 2847 1654 2887; x_wconf 82' lang='lat' dir='ltr'>sermo</span> <span class='ocrx_word' id='word_1_415' title='bbox 1669 2833 1752 2904; x_wconf 77' lang='lat' dir='ltr'>serpit</span> <span class='ocrx_word' id='word_1_416' title='bbox 1766 2841 1791 2888; x_wconf 81' lang='lat' dir='ltr'>et</span> <span class='ocrx_word' id='word_1_417' title='bbox 1804 2847 1888 2887; x_wconf 81' lang='lat' dir='ltr'>enarer</span> 
     </span>
     <span class='ocr_line' id='line_1_28' title="bbox 239 2923 1885 3000; baseline -0.002 -16"><span class='ocrx_word' id='word_1_418' title='bbox 239 2927 342 2984; x_wconf 86' lang='lat' dir='ltr'>veritas</span> <span class='ocrx_word' id='word_1_419' title='bbox 355 2936 416 2985; x_wconf 86' lang='lat' dir='ltr'>est:</span> <span class='ocrx_word' id='word_1_420' title='bbox 439 2927 523 3000; x_wconf 76' lang='lat'>610</span> <span class='ocrx_word' id='word_1_421' title='bbox 545 2926 608 2999; x_wconf 87' lang='lat' dir='ltr'>quia</span> <span class='ocrx_word' id='word_1_422' title='bbox 628 2925 787 2982; x_wconf 83' lang='lat' dir='ltr'>ettoannes</span> <span class='ocrx_word' id='word_1_423' title='bbox 808 2926 836 2981; x_wconf 93' lang='lat' dir='ltr'>in</span> <span class='ocrx_word' id='word_1_424' title='bbox 857 2925 1038 2981; x_wconf 83' lang='lat' dir='ltr'>substantiam</span> <span class='ocrx_word' id='word_1_425' title='bbox 1092 2926 1127 3000; x_wconf 90' lang='grc' dir='ltr'>(ΙΙ</span> <span class='ocrx_word' id='word_1_426' title='bbox 1143 2926 1213 2982; x_wconf 81' lang='lat' dir='ltr'>Tim.</span> <span class='ocrx_word' id='word_1_427' title='bbox 1235 2942 1265 2992; x_wconf 90' lang='lat' dir='ltr'>u,</span> <span class='ocrx_word' id='word_1_428' title='bbox 1279 2923 1337 2996; x_wconf 87' lang='lat' dir='ltr'>tr),</span> <span class='ocrx_word' id='word_1_429' title='bbox 1350 2924 1513 2982; x_wconf 80' lang='lat' dir='ltr'>venerandae</span> <span class='ocrx_word' id='word_1_430' title='bbox 1524 2926 1639 2998; x_wconf 78' lang='lat' dir='ltr'>pluriam</span> <span class='ocrx_word' id='word_1_431' title='bbox 1650 2924 1797 2981; x_wconf 86' lang='lat' dir='ltr'>Trinitatis</span> <span class='ocrx_word' id='word_1_432' title='bbox 1807 2924 1885 2993; x_wconf 83' lang='lat' dir='ltr'>audit,</span> 
     </span>
     <span class='ocr_line' id='line_1_29' title="bbox 238 3016 1888 3093; baseline -0.003 -14"><span class='ocrx_word' id='word_1_433' title='bbox 238 3022 330 3079; x_wconf 84' lang='lat' dir='ltr'>earnis</span> <span class='ocrx_word' id='word_1_434' title='bbox 343 3037 413 3079; x_wconf 74' lang='lat' dir='ltr'>esea</span> <span class='ocrx_word' id='word_1_435' title='bbox 423 3021 524 3092; x_wconf 86' lang='lat' dir='ltr'>aliquid</span> <span class='ocrx_word' id='word_1_436' title='bbox 538 3019 697 3093; x_wconf 88' lang='lat' dir='ltr'>sumpserit,</span> <span class='ocrx_word' id='word_1_437' title='bbox 714 3028 743 3076; x_wconf 93' lang='lat' dir='ltr'>et</span> <span class='ocrx_word' id='word_1_438' title='bbox 757 3033 867 3076; x_wconf 88' lang='lat' dir='ltr'>rursum</span> <span class='ocrx_word' id='word_1_439' title='bbox 884 3034 948 3076; x_wconf 89' lang='lat' dir='ltr'>rere</span> <span class='ocrx_word' id='word_1_440' title='bbox 962 3017 1038 3074; x_wconf 82' lang='lat' dir='ltr'>dixe·</span> <span class='ocrx_word' id='word_1_441' title='bbox 1089 3019 1188 3085; x_wconf 88' lang='lat' dir='ltr'>credit,</span> <span class='ocrx_word' id='word_1_442' title='bbox 1204 3017 1343 3090; x_wconf 76' lang='lat' dir='ltr'>iutelligit,</span> <span class='ocrx_word' id='word_1_443' title='bbox 1360 3017 1456 3075; x_wconf 89' lang='lat' dir='ltr'>beatus</span> <span class='ocrx_word' id='word_1_444' title='bbox 1468 3019 1494 3073; x_wconf 92' lang='lat' dir='ltr'>in</span> <span class='ocrx_word' id='word_1_445' title='bbox 1509 3016 1888 3090; x_wconf 80' lang='lat' dir='ltr'>bdeimmaeutatusquccon·</span> 
     </span>
     <span class='ocr_line' id='line_1_30' title="bbox 238 3108 1888 3185; baseline -0.006 -11"><span class='ocrx_word' id='word_1_446' title='bbox 238 3117 274 3174; x_wconf 91' lang='lat' dir='ltr'>rit</span> <span class='ocrx_word' id='word_1_447' title='bbox 286 3117 418 3175; x_wconf 80' lang='lat' dir='ltr'>Dominus</span> <span class='ocrx_word' id='word_1_448' title='bbox 433 3117 459 3172; x_wconf 94' lang='lat' dir='ltr'>iu</span> <span class='ocrx_word' id='word_1_449' title='bbox 472 3115 625 3185; x_wconf 78' lang='lat' dir='ltr'>loannem,</span> <span class='ocrx_word' id='word_1_450' title='bbox 653 3132 705 3174; x_wconf 89' lang='lat' dir='ltr'>nee</span> <span class='ocrx_word' id='word_1_451' title='bbox 717 3132 778 3173; x_wconf 89' lang='lat' dir='ltr'>eum</span> <span class='ocrx_word' id='word_1_452' title='bbox 797 3117 922 3185; x_wconf 82' lang='lat' dir='ltr'>cacteris,</span> <span class='ocrx_word' id='word_1_453' title='bbox 946 3131 997 3173; x_wconf 89' lang='lat' dir='ltr'>nec</span> <span class='ocrx_word' id='word_1_454' title='bbox 1011 3115 1038 3171; x_wconf 93' lang='lat' dir='ltr'>id</span> <span class='ocrx_word' id='word_1_455' title='bbox 1089 3109 1170 3167; x_wconf 86' lang='lat' dir='ltr'>sistit.</span> <span class='ocrx_word' id='word_1_456' title='bbox 1186 3110 1226 3166; x_wconf 84' lang='lat' dir='ltr'>Ex</span> <span class='ocrx_word' id='word_1_457' title='bbox 1252 3125 1306 3182; x_wconf 92' lang='lat' dir='ltr'>quo</span> <span class='ocrx_word' id='word_1_458' title='bbox 1322 3111 1405 3167; x_wconf 88' lang='lat' dir='ltr'>etiam</span> <span class='ocrx_word' id='word_1_459' title='bbox 1430 3109 1530 3166; x_wconf 86' lang='lat' dir='ltr'>dicitur</span> <span class='ocrx_word' id='word_1_460' title='bbox 1545 3109 1579 3167; x_wconf 88' lang='lat' dir='ltr'>ad</span> <span class='ocrx_word' id='word_1_461' title='bbox 1599 3108 1762 3167; x_wconf 80' lang='lat' dir='ltr'>Abrabam:</span> <span class='ocrx_word' id='word_1_462' title='bbox 1784 3108 1888 3165; x_wconf 73' lang='lat' dir='ltr'>aratris</span> 
     </span>
     <span class='ocr_line' id='line_1_31' title="bbox 238 3203 1887 3283; baseline -0.004 -16"><span class='ocrx_word' id='word_1_463' title='bbox 238 3211 436 3278; x_wconf 85' lang='lat' dir='ltr'>manducasse,</span> <span class='ocrx_word' id='word_1_464' title='bbox 450 3210 524 3283; x_wconf 93' lang='lat' dir='ltr'>quod</span> <span class='ocrx_word' id='word_1_465' title='bbox 537 3220 671 3267; x_wconf 78' lang='lat' dir='ltr'>caeteros:</span> <span class='ocrx_word' id='word_1_466' title='bbox 690 3210 810 3282; x_wconf 84' lang='lat' dir='ltr'>probans</span> <span class='ocrx_word' id='word_1_467' title='bbox 823 3224 853 3268; x_wconf 89' lang='lat' dir='ltr'>sc</span> <span class='ocrx_word' id='word_1_468' title='bbox 868 3209 1038 3283; x_wconf 86' lang='lat' dir='ltr'>Scripturas·</span> <span class='ocrx_word' id='word_1_469' title='bbox 1091 3221 1180 3261; x_wconf 87' lang='lat' dir='ltr'>corum</span> <span class='ocrx_word' id='word_1_470' title='bbox 1194 3220 1245 3274; x_wconf 87' lang='lat' dir='ltr'>me,</span> <span class='ocrx_word' id='word_1_471' title='bbox 1260 3214 1283 3260; x_wconf 83' lang='lat' dir='ltr'>et</span> <span class='ocrx_word' id='word_1_472' title='bbox 1298 3213 1352 3261; x_wconf 84' lang='lat' dir='ltr'>erto</span> <span class='ocrx_word' id='word_1_473' title='bbox 1368 3205 1424 3261; x_wconf 85' lang='lat' dir='ltr'>aine</span> <span class='ocrx_word' id='word_1_474' title='bbox 1437 3204 1540 3260; x_wconf 85' lang='lat' dir='ltr'>macuto</span> <span class='ocrx_word' id='word_1_475' title='bbox 1562 3203 1641 3279; x_wconf 85' lang='lat' dir='ltr'>(Gen.</span> <span class='ocrx_word' id='word_1_476' title='bbox 1657 3220 1724 3273; x_wconf 83' lang='lat' dir='ltr'>xrrr,</span> <span class='ocrx_word' id='word_1_477' title='bbox 1743 3203 1783 3278; x_wconf 82' lang='lat' dir='ltr'>i).</span> <span class='ocrx_word' id='word_1_478' title='bbox 1795 3204 1887 3261; x_wconf 70' lang='lat' dir='ltr'>dmar-</span> 
     </span>
     <span class='ocr_line' id='line_1_32' title="bbox 238 3267 1888 3374; baseline -0.004 -15"><span class='ocrx_word' id='word_1_479' title='bbox 238 3319 291 3374; x_wconf 89' lang='lat' dir='ltr'>que</span> <span class='ocrx_word' id='word_1_480' title='bbox 303 3313 426 3374; x_wconf 86' lang='lat' dir='ltr'>sanctas,</span> <span class='ocrx_word' id='word_1_481' title='bbox 443 3305 578 3361; x_wconf 88' lang='lat' dir='ltr'>occultata</span> <span class='ocrx_word' id='word_1_482' title='bbox 589 3319 663 3374; x_wconf 85' lang='lat' dir='ltr'>saepe</span> <span class='ocrx_word' id='word_1_483' title='bbox 675 3304 791 3361; x_wconf 88' lang='lat' dir='ltr'>seientia</span> <span class='ocrx_word' id='word_1_484' title='bbox 808 3304 870 3372; x_wconf 85' lang='lat' dir='ltr'>bei,</span> <span class='ocrx_word' id='word_1_485' title='bbox 894 3303 1036 3360; x_wconf 90' lang='lat' dir='ltr'>bominum</span> <span class='ocrx_word' id='word_1_486' title='bbox 1052 3267 1075 3331; x_wconf 75' lang='lat' dir='ltr'>C</span> <span class='ocrx_word' id='word_1_487' title='bbox 1090 3299 1162 3355; x_wconf 91' lang='lat' dir='ltr'>sario</span> <span class='ocrx_word' id='word_1_488' title='bbox 1176 3298 1249 3356; x_wconf 91' lang='lat' dir='ltr'>enim</span> <span class='ocrx_word' id='word_1_489' title='bbox 1263 3298 1418 3365; x_wconf 83' lang='lat' dir='ltr'>Abrabam,</span> <span class='ocrx_word' id='word_1_490' title='bbox 1432 3298 1478 3370; x_wconf 85' lang='lat' dir='ltr'>qui</span> <span class='ocrx_word' id='word_1_491' title='bbox 1501 3297 1612 3354; x_wconf 82' lang='lat' dir='ltr'>credidit</span> <span class='ocrx_word' id='word_1_492' title='bbox 1628 3296 1695 3365; x_wconf 78' lang='lat' dir='ltr'>deo,</span> <span class='ocrx_word' id='word_1_493' title='bbox 1708 3305 1735 3354; x_wconf 88' lang='lat' dir='ltr'>et</span> <span class='ocrx_word' id='word_1_494' title='bbox 1749 3307 1888 3372; x_wconf 70' lang='lat' dir='ltr'>repetetur·</span> 
     </span>
     <span class='ocr_line' id='line_1_33' title="bbox 238 3389 1887 3471; baseline -0.004 -16"><span class='ocrx_word' id='word_1_495' title='bbox 238 3396 417 3455; x_wconf 81' lang='lat' dir='ltr'>manifestare</span> <span class='ocrx_word' id='word_1_496' title='bbox 429 3396 591 3455; x_wconf 81' lang='lat' dir='ltr'>sententias.</span> <span class='ocrx_word' id='word_1_497' title='bbox 603 3397 785 3466; x_wconf 83' lang='lat' dir='ltr'>Quamobrem</span> <span class='ocrx_word' id='word_1_498' title='bbox 797 3396 983 3468; x_wconf 79' lang='lat' dir='ltr'>obsequenter</span> <span class='ocrx_word' id='word_1_499' title='bbox 994 3410 1039 3453; x_wconf 87' lang='lat' dir='ltr'>ae·</span> <span class='ocrx_word' id='word_1_500' title='bbox 1090 3407 1127 3454; x_wconf 82' lang='lat' dir='ltr'>ert</span> <span class='ocrx_word' id='word_1_501' title='bbox 1141 3397 1164 3453; x_wconf 85' lang='lat' dir='ltr'>ei</span> <span class='ocrx_word' id='word_1_502' title='bbox 1176 3397 1211 3452; x_wconf 84' lang='lat' dir='ltr'>od</span> <span class='ocrx_word' id='word_1_503' title='bbox 1222 3396 1353 3471; x_wconf 63' lang='lat' dir='ltr'>iustitiam</span> <span class='ocrx_word' id='word_1_504' title='bbox 1367 3394 1457 3468; x_wconf 86' lang='lat' dir='ltr'>(iiorn.</span> <span class='ocrx_word' id='word_1_505' title='bbox 1468 3409 1507 3464; x_wconf 87' lang='lat' dir='ltr'>rr,</span> <span class='ocrx_word' id='word_1_506' title='bbox 1520 3394 1549 3464; x_wconf 77' lang='lat'>5,</span> <span class='ocrx_word' id='word_1_507' title='bbox 1561 3391 1620 3466; x_wconf 61' lang='grc' dir='ltr'>ιι),</span> <span class='ocrx_word' id='word_1_508' title='bbox 1633 3401 1663 3450; x_wconf 94' lang='lat' dir='ltr'>ut</span> <span class='ocrx_word' id='word_1_509' title='bbox 1673 3392 1722 3460; x_wconf 83' lang='lat' dir='ltr'>sit,</span> <span class='ocrx_word' id='word_1_510' title='bbox 1738 3391 1765 3448; x_wconf 95' lang='lat' dir='ltr'>in</span> <span class='ocrx_word' id='word_1_511' title='bbox 1779 3408 1812 3449; x_wconf 89' lang='lat' dir='ltr'>eo</span> <span class='ocrx_word' id='word_1_512' title='bbox 1821 3389 1887 3464; x_wconf 86' lang='lat' dir='ltr'>quod</span> 
     </span>
     <span class='ocr_line' id='line_1_34' title="bbox 238 3485 1889 3567; baseline -0.004 -16"><span class='ocrx_word' id='word_1_513' title='bbox 238 3494 357 3567; x_wconf 90' lang='lat' dir='ltr'>cipitur,</span> <span class='ocrx_word' id='word_1_514' title='bbox 378 3494 603 3567; x_wconf 87' lang='lat' dir='ltr'>quotiescumque</span> <span class='ocrx_word' id='word_1_515' title='bbox 617 3492 759 3564; x_wconf 86' lang='lat' dir='ltr'>Scriptura</span> <span class='ocrx_word' id='word_1_516' title='bbox 773 3498 988 3561; x_wconf 85' lang='lat' dir='ltr'>commemorat,</span> <span class='ocrx_word' id='word_1_517' title='bbox 1011 3498 1040 3547; x_wconf 88' lang='lat' dir='ltr'>et</span> <span class='ocrx_word' id='word_1_518' title='bbox 1090 3492 1216 3557; x_wconf 85' lang='lat' dir='ltr'>credidit,</span> <span class='ocrx_word' id='word_1_519' title='bbox 1230 3491 1294 3547; x_wconf 68' lang='lat' dir='ltr'>radit</span> <span class='ocrx_word' id='word_1_520' title='bbox 1306 3500 1330 3547; x_wconf 85' lang='lat' dir='ltr'>et</span> <span class='ocrx_word' id='word_1_521' title='bbox 1344 3489 1493 3563; x_wconf 72' lang='lat' dir='ltr'>qneriaurest</span> <span class='ocrx_word' id='word_1_522' title='bbox 1504 3485 1594 3561; x_wconf 73' lang='lat' dir='ltr'>(doun.</span> <span class='ocrx_word' id='word_1_523' title='bbox 1609 3502 1670 3552; x_wconf 86' lang='lat' dir='ltr'>rau,</span> <span class='ocrx_word' id='word_1_524' title='bbox 1684 3486 1746 3560; x_wconf 73' lang='grc'>56),</span> <span class='ocrx_word' id='word_1_525' title='bbox 1761 3486 1889 3560; x_wconf 84' lang='lat' dir='ltr'>periectos</span> 
     </span>
     <span class='ocr_line' id='line_1_35' title="bbox 234 3582 1887 3665; baseline -0.005 -19"><span class='ocrx_word' id='word_1_526' title='bbox 234 3592 339 3665; x_wconf 76' lang='lat' dir='ltr'>justum</span> <span class='ocrx_word' id='word_1_527' title='bbox 353 3600 379 3647; x_wconf 87' lang='lat' dir='ltr'>et</span> <span class='ocrx_word' id='word_1_528' title='bbox 394 3591 451 3647; x_wconf 78' lang='lat' dir='ltr'>riae</span> <span class='ocrx_word' id='word_1_529' title='bbox 469 3593 573 3664; x_wconf 86' lang='lat' dir='ltr'>queretn</span> <span class='ocrx_word' id='word_1_530' title='bbox 593 3607 642 3665; x_wconf 90' lang='lat' dir='ltr'>pro</span> <span class='ocrx_word' id='word_1_531' title='bbox 663 3605 745 3665; x_wconf 88' lang='lat' dir='ltr'>captu</span> <span class='ocrx_word' id='word_1_532' title='bbox 760 3591 890 3663; x_wconf 86' lang='lat' dir='ltr'>temporis</span> <span class='ocrx_word' id='word_1_533' title='bbox 901 3599 929 3647; x_wconf 93' lang='lat' dir='ltr'>et</span> <span class='ocrx_word' id='word_1_534' title='bbox 942 3604 1039 3648; x_wconf 82' lang='lat' dir='ltr'>secun·</span> <span class='ocrx_word' id='word_1_535' title='bbox 1090 3604 1152 3646; x_wconf 86' lang='lat' dir='ltr'>csse</span> <span class='ocrx_word' id='word_1_536' title='bbox 1165 3603 1196 3645; x_wconf 91' lang='lat' dir='ltr'>ac</span> <span class='ocrx_word' id='word_1_537' title='bbox 1206 3587 1267 3644; x_wconf 87' lang='lat' dir='ltr'>sine</span> <span class='ocrx_word' id='word_1_538' title='bbox 1281 3585 1387 3643; x_wconf 84' lang='lat' dir='ltr'>macula</span> <span class='ocrx_word' id='word_1_539' title='bbox 1398 3590 1598 3652; x_wconf 85' lang='lat' dir='ltr'>commonetur,</span> <span class='ocrx_word' id='word_1_540' title='bbox 1608 3584 1761 3639; x_wconf 86' lang='lat' dir='ltr'>multarum</span> <span class='ocrx_word' id='word_1_541' title='bbox 1775 3582 1887 3653; x_wconf 72' lang='lat' dir='ltr'>gentiam</span> 
     </span>
     <span class='ocr_line' id='line_1_36' title="bbox 237 3673 1887 3757; baseline -0.004 -18"><span class='ocrx_word' id='word_1_542' title='bbox 237 3681 302 3739; x_wconf 91' lang='lat' dir='ltr'>dum</span> <span class='ocrx_word' id='word_1_543' title='bbox 318 3683 383 3741; x_wconf 90' lang='lat' dir='ltr'>itlud</span> <span class='ocrx_word' id='word_1_544' title='bbox 399 3684 523 3742; x_wconf 82' lang='lat' dir='ltr'>ultimum</span> <span class='ocrx_word' id='word_1_545' title='bbox 543 3685 676 3757; x_wconf 87' lang='lat' dir='ltr'>judiciam</span> <span class='ocrx_word' id='word_1_546' title='bbox 690 3686 760 3755; x_wconf 87' lang='lat' dir='ltr'>bei,</span> <span class='ocrx_word' id='word_1_547' title='bbox 785 3684 829 3743; x_wconf 91' lang='lat' dir='ltr'>cui</span> <span class='ocrx_word' id='word_1_548' title='bbox 846 3685 1037 3741; x_wconf 73' lang='lat' dir='ltr'>universorum</span> <span class='ocrx_word' id='word_1_549' title='bbox 1090 3693 1167 3756; x_wconf 87' lang='lat' dir='ltr'>pater</span> <span class='ocrx_word' id='word_1_550' title='bbox 1181 3682 1346 3739; x_wconf 89' lang='lat' dir='ltr'>constitutus</span> <span class='ocrx_word' id='word_1_551' title='bbox 1360 3682 1386 3736; x_wconf 91' lang='lat' dir='ltr'>in</span> <span class='ocrx_word' id='word_1_552' title='bbox 1401 3678 1453 3736; x_wconf 87' lang='lat' dir='ltr'>tide</span> <span class='ocrx_word' id='word_1_553' title='bbox 1465 3677 1543 3752; x_wconf 83' lang='lat' dir='ltr'>(Gerr.</span> <span class='ocrx_word' id='word_1_554' title='bbox 1556 3693 1622 3745; x_wconf 80' lang='lat' dir='ltr'>arar,</span> <span class='ocrx_word' id='word_1_555' title='bbox 1639 3677 1673 3744; x_wconf 85' lang='lat'>5;</span> <span class='ocrx_word' id='word_1_556' title='bbox 1690 3676 1771 3734; x_wconf 77' lang='grc' dir='ltr'>Ιιοοι.</span> <span class='ocrx_word' id='word_1_557' title='bbox 1787 3692 1826 3745; x_wconf 88' lang='lat' dir='ltr'>rr,</span> <span class='ocrx_word' id='word_1_558' title='bbox 1837 3673 1887 3745; x_wconf 74' lang='grc'>18),</span> 
     </span>
     <span class='ocr_line' id='line_1_37' title="bbox 237 3771 1888 3855; baseline -0.005 -20"><span class='ocrx_word' id='word_1_559' title='bbox 237 3779 406 3837; x_wconf 87' lang='lat' dir='ltr'>conscientia</span> <span class='ocrx_word' id='word_1_560' title='bbox 418 3780 574 3853; x_wconf 84' lang='lat' dir='ltr'>subjicitur,</span> <span class='ocrx_word' id='word_1_561' title='bbox 590 3791 617 3839; x_wconf 88' lang='lat' dir='ltr'>et</span> <span class='ocrx_word' id='word_1_562' title='bbox 632 3781 722 3855; x_wconf 77' lang='lat' dir='ltr'>linqua</span> <span class='ocrx_word' id='word_1_563' title='bbox 739 3781 861 3838; x_wconf 91' lang='lat' dir='ltr'>omnium</span> <span class='ocrx_word' id='word_1_564' title='bbox 878 3780 1037 3837; x_wconf 82' lang='lat' dir='ltr'>confitetur.</span> <span class='ocrx_word' id='word_1_565' title='bbox 1090 3788 1116 3836; x_wconf 92' lang='lat' dir='ltr'>ct</span> <span class='ocrx_word' id='word_1_566' title='bbox 1131 3775 1253 3834; x_wconf 85' lang='lat' dir='ltr'>fidetium</span> <span class='ocrx_word' id='word_1_567' title='bbox 1264 3775 1351 3847; x_wconf 90' lang='lat' dir='ltr'>siuns,</span> <span class='ocrx_word' id='word_1_568' title='bbox 1366 3774 1394 3831; x_wconf 93' lang='lat' dir='ltr'>in</span> <span class='ocrx_word' id='word_1_569' title='bbox 1406 3772 1501 3847; x_wconf 91' lang='lat' dir='ltr'>requie</span> <span class='ocrx_word' id='word_1_570' title='bbox 1512 3773 1640 3850; x_wconf 70' lang='lat' dir='ltr'>ursimus</span> <span class='ocrx_word' id='word_1_571' title='bbox 1651 3788 1763 3842; x_wconf 87' lang='lat' dir='ltr'>omnes,</span> <span class='ocrx_word' id='word_1_572' title='bbox 1777 3771 1823 3845; x_wconf 91' lang='lat' dir='ltr'>qni</span> <span class='ocrx_word' id='word_1_573' title='bbox 1833 3785 1888 3843; x_wconf 83' lang='lat' dir='ltr'>spe-</span> 
     </span>
     <span class='ocr_line' id='line_1_38' title="bbox 271 3865 1886 3947; baseline -0.001 -22"><span class='ocrx_word' id='word_1_574' title='bbox 271 3871 319 3930; x_wconf 75' lang='lat'>22.</span> <span class='ocrx_word' id='word_1_575' title='bbox 333 3871 455 3945; x_wconf 88' lang='lat' dir='ltr'>benique</span> <span class='ocrx_word' id='word_1_576' title='bbox 466 3873 570 3945; x_wconf 87' lang='lat' dir='ltr'>liquido</span> <span class='ocrx_word' id='word_1_577' title='bbox 582 3873 714 3947; x_wconf 79' lang='lat' dir='ltr'>intellige,</span> <span class='ocrx_word' id='word_1_578' title='bbox 729 3874 792 3947; x_wconf 88' lang='lat' dir='ltr'>quia</span> <span class='ocrx_word' id='word_1_579' title='bbox 802 3872 962 3945; x_wconf 76' lang='lat' dir='ltr'>justificatio</span> <span class='ocrx_word' id='word_1_580' title='bbox 974 3871 1037 3940; x_wconf 79' lang='lat' dir='ltr'>lob,</span> <span class='ocrx_word' id='word_1_581' title='bbox 1090 3885 1183 3928; x_wconf 91' lang='lat' dir='ltr'>ranms</span> <span class='ocrx_word' id='word_1_582' title='bbox 1207 3871 1234 3926; x_wconf 93' lang='lat' dir='ltr'>in</span> <span class='ocrx_word' id='word_1_583' title='bbox 1251 3870 1382 3928; x_wconf 89' lang='lat' dir='ltr'>beccum</span> <span class='ocrx_word' id='word_1_584' title='bbox 1410 3867 1485 3925; x_wconf 82' lang='lat' dir='ltr'>ducti</span> <span class='ocrx_word' id='word_1_585' title='bbox 1510 3867 1659 3925; x_wconf 86' lang='lat' dir='ltr'>dbrabanr.</span> <span class='ocrx_word' id='word_1_586' title='bbox 1677 3865 1754 3924; x_wconf 82' lang='lat' dir='ltr'>Beati</span> <span class='ocrx_word' id='word_1_587' title='bbox 1767 3870 1886 3924; x_wconf 73' lang='lat' dir='ltr'>immort-</span> 
     </span>
     <span class='ocr_line' id='line_1_39' title="bbox 238 3961 1886 4041; baseline -0.004 -19"><span class='ocrx_word' id='word_1_588' title='bbox 238 3967 451 4041; x_wconf 84' lang='lat' dir='ltr'>passionumque</span> <span class='ocrx_word' id='word_1_589' title='bbox 469 3969 529 4039; x_wconf 72' lang='lat' dir='ltr'>eJus</span> <span class='ocrx_word' id='word_1_590' title='bbox 552 3969 579 4025; x_wconf 92' lang='lat' dir='ltr'>in</span> <span class='ocrx_word' id='word_1_591' title='bbox 598 3984 708 4027; x_wconf 88' lang='lat' dir='ltr'>carnem</span> <span class='ocrx_word' id='word_1_592' title='bbox 733 3968 899 4039; x_wconf 83' lang='lat' dir='ltr'>permissio,</span> <span class='ocrx_word' id='word_1_593' title='bbox 925 3966 1038 4040; x_wconf 81' lang='lat' dir='ltr'>provido</span> <span class='ocrx_word' id='word_1_594' title='bbox 1090 3966 1138 4023; x_wconf 85' lang='lat' dir='ltr'>toti</span> <span class='ocrx_word' id='word_1_595' title='bbox 1151 3968 1179 4021; x_wconf 82' lang='lat' dir='ltr'>iu</span> <span class='ocrx_word' id='word_1_596' title='bbox 1194 3967 1236 4021; x_wconf 84' lang='lat' dir='ltr'>oio</span> <span class='ocrx_word' id='word_1_597' title='bbox 1246 4005 1255 4032; x_wconf 88' lang='lat'>,</span> <span class='ocrx_word' id='word_1_598' title='bbox 1267 3965 1393 4037; x_wconf 75' lang='lat' dir='ltr'>scripturn</span> <span class='ocrx_word' id='word_1_599' title='bbox 1407 3974 1466 4019; x_wconf 80' lang='lat' dir='ltr'>eat:</span> <span class='ocrx_word' id='word_1_600' title='bbox 1481 3978 1527 4033; x_wconf 85' lang='lat' dir='ltr'>per</span> <span class='ocrx_word' id='word_1_601' title='bbox 1538 3962 1700 4034; x_wconf 73' lang='lat' dir='ltr'>fidemenim</span> <span class='ocrx_word' id='word_1_602' title='bbox 1716 3961 1886 4031; x_wconf 65' lang='lat' dir='ltr'>anteusus,</span> 
     </span>
     <span class='ocr_line' id='line_1_40' title="bbox 237 4053 1887 4135; baseline -0.003 -19"><span class='ocrx_word' id='word_1_603' title='bbox 237 4061 354 4117; x_wconf 83' lang='lat' dir='ltr'>consitio</span> <span class='ocrx_word' id='word_1_604' title='bbox 369 4060 419 4118; x_wconf 88' lang='lat' dir='ltr'>bei</span> <span class='ocrx_word' id='word_1_605' title='bbox 437 4062 627 4119; x_wconf 84' lang='lat' dir='ltr'>contusionem</span> <span class='ocrx_word' id='word_1_606' title='bbox 646 4062 746 4120; x_wconf 87' lang='lat' dir='ltr'>diaboti</span> <span class='ocrx_word' id='word_1_607' title='bbox 760 4062 914 4135; x_wconf 80' lang='lat' dir='ltr'>arroqnutis</span> <span class='ocrx_word' id='word_1_608' title='bbox 927 4074 1038 4134; x_wconf 90' lang='lat' dir='ltr'>operata</span> <span class='ocrx_word' id='word_1_609' title='bbox 1090 4075 1198 4132; x_wconf 86' lang='lat' dir='ltr'>nonper</span> <span class='ocrx_word' id='word_1_610' title='bbox 1211 4055 1379 4132; x_wconf 82' lang='lat' dir='ltr'>speciem(!1</span> <span class='ocrx_word' id='word_1_611' title='bbox 1394 4055 1455 4114; x_wconf 81' lang='lat' dir='ltr'>Gor.</span> <span class='ocrx_word' id='word_1_612' title='bbox 1469 4073 1496 4124; x_wconf 85' lang='lat' dir='ltr'>r,</span> <span class='ocrx_word' id='word_1_613' title='bbox 1513 4053 1552 4128; x_wconf 82' lang='lat' dir='ltr'>i).</span> <span class='ocrx_word' id='word_1_614' title='bbox 1565 4057 1600 4113; x_wconf 78' lang='lat' dir='ltr'>dt</span> <span class='ocrx_word' id='word_1_615' title='bbox 1613 4070 1683 4112; x_wconf 85' lang='lat' dir='ltr'>rero</span> <span class='ocrx_word' id='word_1_616' title='bbox 1705 4056 1729 4113; x_wconf 91' lang='lat' dir='ltr'>si</span> <span class='ocrx_word' id='word_1_617' title='bbox 1745 4055 1788 4113; x_wconf 87' lang='lat' dir='ltr'>ris</span> <span class='ocrx_word' id='word_1_618' title='bbox 1798 4054 1832 4112; x_wconf 85' lang='lat' dir='ltr'>de</span> <span class='ocrx_word' id='word_1_619' title='bbox 1842 4056 1887 4110; x_wconf 86' lang='lat' dir='ltr'>tn·</span> 
     </span>
     <span class='ocr_line' id='line_1_41' title="bbox 238 4148 1884 4228; baseline -0.004 -18"><span class='ocrx_word' id='word_1_620' title='bbox 238 4160 283 4210; x_wconf 82' lang='lat' dir='ltr'>cst</span> <span class='ocrx_word' id='word_1_621' title='bbox 297 4171 303 4207; x_wconf 94' lang='lat'><strong>:</strong></span> <span class='ocrx_word' id='word_1_622' title='bbox 320 4163 348 4208; x_wconf 92' lang='lat' dir='ltr'>ot</span> <span class='ocrx_word' id='word_1_623' title='bbox 361 4153 427 4209; x_wconf 91' lang='lat' dir='ltr'>dom</span> <span class='ocrx_word' id='word_1_624' title='bbox 440 4153 523 4211; x_wconf 92' lang='lat' dir='ltr'>bomo</span> <span class='ocrx_word' id='word_1_625' title='bbox 534 4155 569 4211; x_wconf 91' lang='lat' dir='ltr'>de</span> <span class='ocrx_word' id='word_1_626' title='bbox 582 4156 687 4213; x_wconf 91' lang='lat' dir='ltr'>bonore</span> <span class='ocrx_word' id='word_1_627' title='bbox 699 4157 842 4227; x_wconf 88' lang='lat' dir='ltr'>creatoris,</span> <span class='ocrx_word' id='word_1_628' title='bbox 855 4158 915 4228; x_wconf 89' lang='lat' dir='ltr'>ipso</span> <span class='ocrx_word' id='word_1_629' title='bbox 925 4157 1038 4212; x_wconf 88' lang='lat' dir='ltr'>bomine</span> <span class='ocrx_word' id='word_1_630' title='bbox 1091 4153 1228 4210; x_wconf 89' lang='lat' dir='ltr'>maculato</span> <span class='ocrx_word' id='word_1_631' title='bbox 1244 4151 1350 4222; x_wconf 90' lang='lat' dir='ltr'>qualem</span> <span class='ocrx_word' id='word_1_632' title='bbox 1366 4148 1449 4207; x_wconf 86' lang='lat' dir='ltr'>bavid</span> <span class='ocrx_word' id='word_1_633' title='bbox 1461 4163 1543 4207; x_wconf 88' lang='lat' dir='ltr'>orans</span> <span class='ocrx_word' id='word_1_634' title='bbox 1554 4149 1654 4221; x_wconf 82' lang='lat' dir='ltr'>qnamtt</span> <span class='ocrx_word' id='word_1_635' title='bbox 1668 4149 1781 4220; x_wconf 81' lang='lat' dir='ltr'>audire,</span> <span class='ocrx_word' id='word_1_636' title='bbox 1796 4164 1884 4206; x_wconf 82' lang='lat' dir='ltr'>ranam</span> 
     </span>
     <span class='ocr_line' id='line_1_42' title="bbox 176 4241 1885 4318; baseline -0.004 -14"><span class='ocrx_word' id='word_1_637' title='bbox 176 4296 178 4304; x_wconf 93' lang='lat'><em>.</em></span> <span class='ocrx_word' id='word_1_638' title='bbox 238 4245 373 4318; x_wconf 87' lang='lat' dir='ltr'>probante</span> <span class='ocrx_word' id='word_1_639' title='bbox 386 4245 523 4318; x_wconf 89' lang='lat' dir='ltr'>laudatur,</span> <span class='ocrx_word' id='word_1_640' title='bbox 541 4247 711 4306; x_wconf 80' lang='lat' dir='ltr'>infidelitatis</span> <span class='ocrx_word' id='word_1_641' title='bbox 726 4259 818 4306; x_wconf 92' lang='lat' dir='ltr'>uotam</span> <span class='ocrx_word' id='word_1_642' title='bbox 831 4248 976 4306; x_wconf 85' lang='lat' dir='ltr'>declinans</span> <span class='ocrx_word' id='word_1_643' title='bbox 990 4264 1039 4305; x_wconf 90' lang='lat' dir='ltr'>an·</span> <span class='ocrx_word' id='word_1_644' title='bbox 1090 4242 1282 4317; x_wconf 84' lang='lat' dir='ltr'>possibilitatis</span> <span class='ocrx_word' id='word_1_645' title='bbox 1297 4251 1350 4299; x_wconf 77' lang='lat' dir='ltr'>tuat</span> <span class='ocrx_word' id='word_1_646' title='bbox 1369 4242 1475 4314; x_wconf 87' lang='lat' dir='ltr'>depone</span> <span class='ocrx_word' id='word_1_647' title='bbox 1495 4241 1621 4299; x_wconf 75' lang='lat' dir='ltr'>fiduciam</span> <span class='ocrx_word' id='word_1_648' title='bbox 1635 4287 1643 4312; x_wconf 93' lang='lat'>,</span> <span class='ocrx_word' id='word_1_649' title='bbox 1656 4250 1687 4300; x_wconf 88' lang='lat' dir='ltr'>et</span> <span class='ocrx_word' id='word_1_650' title='bbox 1701 4250 1854 4314; x_wconf 83' lang='lat' dir='ltr'>prostratus</span> <span class='ocrx_word' id='word_1_651' title='bbox 1864 4242 1885 4298; x_wconf 92' lang='lat' dir='ltr'>in</span> 
     </span>
     <span class='ocr_line' id='line_1_43' title="bbox 235 4337 1885 4418; baseline -0.002 -21"><span class='ocrx_word' id='word_1_652' title='bbox 235 4340 313 4413; x_wconf 73' lang='lat' dir='ltr'>gelus</span> <span class='ocrx_word' id='word_1_653' title='bbox 328 4341 483 4413; x_wconf 87' lang='lat' dir='ltr'>puniretur.</span> <span class='ocrx_word' id='word_1_654' title='bbox 504 4342 611 4400; x_wconf 82' lang='lat' dir='ltr'>dorsus</span> <span class='ocrx_word' id='word_1_655' title='bbox 630 4353 720 4400; x_wconf 90' lang='lat' dir='ltr'>autem</span> <span class='ocrx_word' id='word_1_656' title='bbox 741 4360 776 4401; x_wconf 90' lang='lat' dir='ltr'>ue</span> <span class='ocrx_word' id='word_1_657' title='bbox 797 4344 899 4402; x_wconf 87' lang='lat' dir='ltr'>tamnto</span> <span class='ocrx_word' id='word_1_658' title='bbox 913 4359 963 4402; x_wconf 88' lang='lat' dir='ltr'>suo</span> <span class='ocrx_word' id='word_1_659' title='bbox 976 4360 1039 4418; x_wconf 75' lang='lat' dir='ltr'>gra·</span> <span class='ocrx_word' id='word_1_660' title='bbox 1091 4339 1221 4410; x_wconf 86' lang='lat' dir='ltr'>precibus</span> <span class='ocrx_word' id='word_1_661' title='bbox 1243 4352 1306 4395; x_wconf 90' lang='lat' dir='ltr'>eum</span> <span class='ocrx_word' id='word_1_662' title='bbox 1321 4337 1453 4410; x_wconf 89' lang='lat' dir='ltr'>propbeta</span> <span class='ocrx_word' id='word_1_663' title='bbox 1465 4337 1591 4394; x_wconf 86' lang='lat' dir='ltr'>oratione</span> <span class='ocrx_word' id='word_1_664' title='bbox 1612 4338 1804 4410; x_wconf 71' lang='lat' dir='ltr'>conjungere.</span> <span class='ocrx_word' id='word_1_665' title='bbox 1828 4337 1885 4394; x_wconf 83' lang='lat' dir='ltr'>dent</span> 
     </span>
     <span class='ocr_line' id='line_1_44' title="bbox 235 4427 1885 4510; baseline -0.008 -14"><span class='ocrx_word' id='word_1_666' title='bbox 235 4432 343 4491; x_wconf 81' lang='lat' dir='ltr'>tiorem</span> <span class='ocrx_word' id='word_1_667' title='bbox 358 4435 465 4508; x_wconf 79' lang='lat' dir='ltr'>plattam</span> <span class='ocrx_word' id='word_1_668' title='bbox 480 4434 594 4507; x_wconf 83' lang='lat' dir='ltr'>taceret,</span> <span class='ocrx_word' id='word_1_669' title='bbox 611 4435 675 4493; x_wconf 88' lang='lat' dir='ltr'>dom</span> <span class='ocrx_word' id='word_1_670' title='bbox 691 4447 817 4507; x_wconf 87' lang='lat' dir='ltr'>sanaret,</span> <span class='ocrx_word' id='word_1_671' title='bbox 839 4447 866 4494; x_wconf 90' lang='lat' dir='ltr'>et</span> <span class='ocrx_word' id='word_1_672' title='bbox 881 4453 929 4510; x_wconf 91' lang='lat' dir='ltr'>per</span> <span class='ocrx_word' id='word_1_673' title='bbox 943 4453 1038 4497; x_wconf 88' lang='lat' dir='ltr'>emam</span> <span class='ocrx_word' id='word_1_674' title='bbox 1091 4430 1194 4502; x_wconf 88' lang='lat' dir='ltr'>pariter</span> <span class='ocrx_word' id='word_1_675' title='bbox 1207 4445 1239 4488; x_wconf 91' lang='lat' dir='ltr'>ac</span> <span class='ocrx_word' id='word_1_676' title='bbox 1249 4429 1365 4487; x_wconf 87' lang='lat' dir='ltr'>dicens:</span> <span class='ocrx_word' id='word_1_677' title='bbox 1383 4429 1483 4485; x_wconf 79' lang='lat' dir='ltr'>bitena</span> <span class='ocrx_word' id='word_1_678' title='bbox 1497 4429 1554 4501; x_wconf 82' lang='lat' dir='ltr'>qur&#39;s</span> <span class='ocrx_word' id='word_1_679' title='bbox 1576 4427 1701 4503; x_wconf 74' lang='lat' dir='ltr'>intetb&#39;pir</span> <span class='ocrx_word' id='word_1_680' title='bbox 1712 4430 1725 4484; x_wconf 81' lang='grc'>,1</span> <span class='ocrx_word' id='word_1_681' title='bbox 1737 4430 1778 4486; x_wconf 80' lang='grc' dir='ltr'>,ιι</span> <span class='ocrx_word' id='word_1_682' title='bbox 1790 4427 1885 4486; x_wconf 74' lang='lat' dir='ltr'>uentre</span> 
     </span>
     <span class='ocr_line' id='line_1_45' title="bbox 234 4521 1882 4603; baseline -0.005 -17"><span class='ocrx_word' id='word_1_683' title='bbox 234 4526 343 4597; x_wconf 83' lang='lat' dir='ltr'>earnis,</span> <span class='ocrx_word' id='word_1_684' title='bbox 358 4529 458 4586; x_wconf 76' lang='lat' dir='ltr'>animae</span> <span class='ocrx_word' id='word_1_685' title='bbox 471 4529 569 4587; x_wconf 78' lang='lat' dir='ltr'>vulnus</span> <span class='ocrx_word' id='word_1_686' title='bbox 583 4528 734 4603; x_wconf 76' lang='lat' dir='ltr'>indigeret,</span> <span class='ocrx_word' id='word_1_687' title='bbox 755 4530 807 4589; x_wconf 88' lang='lat' dir='ltr'>boo</span> <span class='ocrx_word' id='word_1_688' title='bbox 821 4541 879 4600; x_wconf 87' lang='lat' dir='ltr'>est,</span> <span class='ocrx_word' id='word_1_689' title='bbox 896 4546 929 4588; x_wconf 91' lang='lat' dir='ltr'>ue</span> <span class='ocrx_word' id='word_1_690' title='bbox 943 4532 1038 4589; x_wconf 89' lang='lat' dir='ltr'>beatus</span> <span class='ocrx_word' id='word_1_691' title='bbox 1091 4528 1155 4582; x_wconf 76' lang='lat' dir='ltr'>oreis</span> <span class='ocrx_word' id='word_1_692' title='bbox 1168 4526 1267 4581; x_wconf 84' lang='lat' dir='ltr'>arundo</span> <span class='ocrx_word' id='word_1_693' title='bbox 1281 4541 1332 4594; x_wconf 86' lang='lat' dir='ltr'>me,</span> <span class='ocrx_word' id='word_1_694' title='bbox 1339 4521 1463 4592; x_wconf 78' lang='lat' dir='ltr'>bomine,</span> <span class='ocrx_word' id='word_1_695' title='bbox 1477 4532 1501 4580; x_wconf 84' lang='lat' dir='ltr'>et</span> <span class='ocrx_word' id='word_1_696' title='bbox 1514 4524 1546 4579; x_wconf 81' lang='lat' dir='ltr'>ob</span> <span class='ocrx_word' id='word_1_697' title='bbox 1557 4523 1652 4579; x_wconf 82' lang='lat' dir='ltr'>oiieuia</span> <span class='ocrx_word' id='word_1_698' title='bbox 1663 4539 1746 4595; x_wconf 82' lang='lat' dir='ltr'>parce</span> <span class='ocrx_word' id='word_1_699' title='bbox 1758 4540 1830 4581; x_wconf 80' lang='lat' dir='ltr'>serm</span> <span class='ocrx_word' id='word_1_700' title='bbox 1840 4533 1882 4578; x_wconf 82' lang='grc' dir='ltr'>ιιι.</span> 
     </span>
     <span class='ocr_line' id='line_1_46' title="bbox 234 4606 1884 4731; baseline 0.001 -61"><span class='ocrx_word' id='word_1_701' title='bbox 234 4623 297 4689; x_wconf 73' lang='lat' dir='ltr'>tot),</span> <span class='ocrx_word' id='word_1_702' title='bbox 314 4633 390 4681; x_wconf 67' lang='lat' dir='ltr'>rama</span> <span class='ocrx_word' id='word_1_703' title='bbox 405 4625 557 4684; x_wconf 67' lang='lat' dir='ltr'>tentatione</span> <span class='ocrx_word' id='word_1_704' title='bbox 571 4636 697 4698; x_wconf 61' lang='lat' dir='ltr'>superata</span> <span class='ocrx_word' id='word_1_705' title='bbox 711 4668 719 4694; x_wconf 65' lang='lat'>‚</span> <span class='ocrx_word' id='word_1_706' title='bbox 735 4625 936 4699; x_wconf 64' lang='lat' dir='ltr'>duptqpaqjsque</span> <span class='ocrx_word' id='word_1_707' title='bbox 950 4628 1039 4684; x_wconf 68' lang='lat' dir='ltr'>omni.</span> <span class='ocrx_word' id='word_1_708' title='bbox 1053 4668 1081 4731; x_wconf 70' lang='lat' dir='ltr'>D</span> <span class='ocrx_word' id='word_1_709' title='bbox 1093 4619 1124 4677; x_wconf 86' lang='lat' dir='ltr'>st</span> <span class='ocrx_word' id='word_1_710' title='bbox 1138 4606 1210 4675; x_wconf 80' lang='lat' dir='ltr'>enini</span> <span class='ocrx_word' id='word_1_711' title='bbox 1217 4617 1283 4673; x_wconf 87' lang='lat' dir='ltr'>mibi</span> <span class='ocrx_word' id='word_1_712' title='bbox 1295 4634 1346 4674; x_wconf 83' lang='lat' dir='ltr'>aon</span> <span class='ocrx_word' id='word_1_713' title='bbox 1359 4617 1456 4690; x_wconf 75' lang='lat' dir='ltr'>suerint</span> <span class='ocrx_word' id='word_1_714' title='bbox 1470 4617 1598 4672; x_wconf 86' lang='lat' dir='ltr'>dominati</span> <span class='ocrx_word' id='word_1_715' title='bbox 1610 4658 1618 4683; x_wconf 94' lang='lat'>,</span> <span class='ocrx_word' id='word_1_716' title='bbox 1631 4625 1697 4673; x_wconf 85' lang='lat' dir='ltr'>tnnc</span> <span class='ocrx_word' id='word_1_717' title='bbox 1715 4618 1884 4675; x_wconf 64' lang='lat' dir='ltr'>immeritam</span> 
     </span>
     <span class='ocr_line' id='line_1_47' title="bbox 234 4707 1884 4795; baseline 0.003 -20"><span class='ocrx_word' id='word_1_718' title='bbox 234 4716 287 4775; x_wconf 88' lang='lat' dir='ltr'>bus</span> <span class='ocrx_word' id='word_1_719' title='bbox 298 4726 328 4775; x_wconf 87' lang='lat' dir='ltr'>ct</span> <span class='ocrx_word' id='word_1_720' title='bbox 340 4719 486 4787; x_wconf 86' lang='lat' dir='ltr'>restitutis,</span> <span class='ocrx_word' id='word_1_721' title='bbox 503 4721 529 4776; x_wconf 92' lang='lat' dir='ltr'>in</span> <span class='ocrx_word' id='word_1_722' title='bbox 540 4720 697 4793; x_wconf 88' lang='lat' dir='ltr'>superbiam</span> <span class='ocrx_word' id='word_1_723' title='bbox 708 4722 805 4792; x_wconf 78' lang='lat' dir='ltr'>etrus,</span> <span class='ocrx_word' id='word_1_724' title='bbox 817 4722 987 4795; x_wconf 84' lang='lat' dir='ltr'>etjudiciom</span> <span class='ocrx_word' id='word_1_725' title='bbox 1000 4724 1040 4779; x_wconf 92' lang='lat' dir='ltr'>in·</span> <span class='ocrx_word' id='word_1_726' title='bbox 1092 4727 1137 4766; x_wconf 70' lang='grc'>111</span> <span class='ocrx_word' id='word_1_727' title='bbox 1152 4709 1239 4783; x_wconf 66' lang='lat' dir='ltr'>(wa</span> <span class='ocrx_word' id='word_1_728' title='bbox 1255 4725 1332 4780; x_wconf 73' lang='lat' dir='ltr'>¹V¹¹b</span> <span class='ocrx_word' id='word_1_729' title='bbox 1349 4710 1393 4778; x_wconf 69' lang='lat'>¹52</span> <span class='ocrx_word' id='word_1_730' title='bbox 1408 4709 1465 4780; x_wconf 68' lang='grc'>11)·</span> <span class='ocrx_word' id='word_1_731' title='bbox 1487 4707 1584 4765; x_wconf 68' lang='grc'><strong>11111111</strong></span> <span class='ocrx_word' id='word_1_732' title='bbox 1597 4723 1651 4781; x_wconf 69' lang='grc'>180</span> <span class='ocrx_word' id='word_1_733' title='bbox 1668 4708 1775 4780; x_wconf 69' lang='grc'><strong>1101110,</strong></span> <span class='ocrx_word' id='word_1_734' title='bbox 1797 4709 1884 4768; x_wconf 71' lang='grc'><strong>11111111</strong></span> 
     </span>
    </p>
   </div>
   <div class='ocr_carea' id='block_1_3' title="bbox 234 4800 1883 4979">
    <p class='ocr_par' dir='ltr' id='par_1_3' title="bbox 234 4800 1883 4979">
     <span class='ocr_line' id='line_1_48' title="bbox 234 4800 1883 4885; baseline 0.007 -21"><span class='ocrx_word' id='word_1_735' title='bbox 234 4807 340 4867; x_wconf 88' lang='lat' dir='ltr'>cideret</span> <span class='ocrx_word' id='word_1_736' title='bbox 356 4809 472 4879; x_wconf 87' lang='lat' dir='ltr'>diaboli,</span> <span class='ocrx_word' id='word_1_737' title='bbox 487 4811 651 4869; x_wconf 91' lang='lat' dir='ltr'>admonetur</span> <span class='ocrx_word' id='word_1_738' title='bbox 665 4813 700 4870; x_wconf 86' lang='lat' dir='ltr'>ab</span> <span class='ocrx_word' id='word_1_739' title='bbox 714 4815 830 4872; x_wconf 71' lang='lat' dir='ltr'>occultis</span> <span class='ocrx_word' id='word_1_740' title='bbox 845 4813 924 4885; x_wconf 87' lang='lat' dir='ltr'>suis,</span> <span class='ocrx_word' id='word_1_741' title='bbox 945 4823 974 4870; x_wconf 93' lang='lat' dir='ltr'>ut</span> <span class='ocrx_word' id='word_1_742' title='bbox 987 4814 1039 4871; x_wconf 89' lang='lat' dir='ltr'>etsi</span> <span class='ocrx_word' id='word_1_743' title='bbox 1092 4820 1154 4876; x_wconf 74' lang='grc'><strong>(11111</strong></span> <span class='ocrx_word' id='word_1_744' title='bbox 1166 4804 1286 4861; x_wconf 70' lang='grc'><strong>1101111111</strong></span> <span class='ocrx_word' id='word_1_745' title='bbox 1300 4800 1684 4875; x_wconf 59' lang='grc' dir='ltr'><strong>111111113οι1111111111111111101</strong></span> <span class='ocrx_word' id='word_1_746' title='bbox 1699 4803 1801 4861; x_wconf 62' lang='grc' dir='ltr'><strong>Ρ111111</strong></span> <span class='ocrx_word' id='word_1_747' title='bbox 1809 4800 1883 4873; x_wconf 57' lang='lat' dir='ltr'>‘miii‘</span> 
     </span>
     <span class='ocr_line' id='line_1_49' title="bbox 234 4892 1883 4979; baseline 0.005 -22"><span class='ocrx_word' id='word_1_748' title='bbox 234 4916 250 4957; x_wconf 90' lang='lat' dir='ltr'>a</span> <span class='ocrx_word' id='word_1_749' title='bbox 266 4900 335 4961; x_wconf 85' lang='lat' dir='ltr'>ioris</span> <span class='ocrx_word' id='word_1_750' title='bbox 346 4904 381 4961; x_wconf 92' lang='lat' dir='ltr'>de</span> <span class='ocrx_word' id='word_1_751' title='bbox 392 4905 502 4976; x_wconf 82' lang='lat' dir='ltr'>justitia</span> <span class='ocrx_word' id='word_1_752' title='bbox 519 4905 691 4979; x_wconf 81' lang='lat' dir='ltr'>laudaretur,</span> <span class='ocrx_word' id='word_1_753' title='bbox 709 4909 783 4965; x_wconf 86' lang='lat' dir='ltr'>intus</span> <span class='ocrx_word' id='word_1_754' title='bbox 797 4918 887 4965; x_wconf 91' lang='lat' dir='ltr'>tamen</span> <span class='ocrx_word' id='word_1_755' title='bbox 903 4909 929 4965; x_wconf 90' lang='lat' dir='ltr'>ei</span> <span class='ocrx_word' id='word_1_756' title='bbox 942 4922 973 4965; x_wconf 88' lang='lat' dir='ltr'>se</span> <span class='ocrx_word' id='word_1_757' title='bbox 987 4906 1041 4965; x_wconf 89' lang='lat' dir='ltr'>sci·</span> <span class='ocrx_word' id='word_1_758' title='bbox 1092 4898 1241 4967; x_wconf 72' lang='lat' dir='ltr'>Christum,</span> <span class='ocrx_word' id='word_1_759' title='bbox 1256 4912 1307 4954; x_wconf 72' lang='lat'>¹¹00</span> <span class='ocrx_word' id='word_1_760' title='bbox 1318 4912 1447 4968; x_wconf 73' lang='lat' dir='ltr'>ssmdtffltss</span> <span class='ocrx_word' id='word_1_761' title='bbox 1463 4894 1638 4955; x_wconf 64' lang='grc' dir='ltr'>ιῦῐῐθθῑῑθῐιθ</span> <span class='ocrx_word' id='word_1_762' title='bbox 1651 4894 1795 4954; x_wconf 65' lang='grc' dir='ltr'>ΰῡῡῑῑιιιῑῑ</span> <span class='ocrx_word' id='word_1_763' title='bbox 1817 4892 1883 4953; x_wconf 69' lang='grc'><strong>11511·</strong></span> 
     </span>
    </p>
   </div>
   <div class='ocr_carea' id='block_1_4' title="bbox 235 4986 1885 5261">
    <p class='ocr_par' dir='ltr' id='par_1_4' title="bbox 235 4986 1885 5261">
     <span class='ocr_line' id='line_1_50' title="bbox 235 4986 1885 5071; baseline -0.008 -16"><span class='ocrx_word' id='word_1_764' title='bbox 235 5003 279 5052; x_wconf 88' lang='lat' dir='ltr'>ret</span> <span class='ocrx_word' id='word_1_765' title='bbox 300 4995 438 5054; x_wconf 85' lang='lat' dir='ltr'>subditum</span> <span class='ocrx_word' id='word_1_766' title='bbox 454 5014 516 5056; x_wconf 87' lang='lat' dir='ltr'>esse</span> <span class='ocrx_word' id='word_1_767' title='bbox 530 4998 632 5058; x_wconf 90' lang='lat' dir='ltr'>debere</span> <span class='ocrx_word' id='word_1_768' title='bbox 650 5016 666 5056; x_wconf 81' lang='lat' dir='ltr'>a</span> <span class='ocrx_word' id='word_1_769' title='bbox 681 5015 737 5071; x_wconf 89' lang='lat' dir='ltr'>qun</span> <span class='ocrx_word' id='word_1_770' title='bbox 750 5000 945 5059; x_wconf 72' lang='lat' dir='ltr'>custodiretur.</span> <span class='ocrx_word' id='word_1_771' title='bbox 968 5000 1041 5057; x_wconf 77' lang='lat' dir='ltr'>nicta</span> <span class='ocrx_word' id='word_1_772' title='bbox 1092 4992 1185 5050; x_wconf 90' lang='lat' dir='ltr'>monio</span> <span class='ocrx_word' id='word_1_773' title='bbox 1201 4988 1366 5062; x_wconf 50' lang='lat' dir='ltr'>xdilectionis</span> <span class='ocrx_word' id='word_1_774' title='bbox 1392 4989 1515 5057; x_wconf 90' lang='lat' dir='ltr'>bomini,</span> <span class='ocrx_word' id='word_1_775' title='bbox 1541 5004 1612 5048; x_wconf 89' lang='lat' dir='ltr'>nune</span> <span class='ocrx_word' id='word_1_776' title='bbox 1628 4998 1703 5061; x_wconf 86' lang='lat' dir='ltr'>petro</span> <span class='ocrx_word' id='word_1_777' title='bbox 1728 4986 1885 5047; x_wconf 79' lang='lat' dir='ltr'>fundamenti</span> 
     </span>
     <span class='ocr_line' id='line_1_51' title="bbox 235 5082 1885 5167; baseline -0.004 -23"><span class='ocrx_word' id='word_1_778' title='bbox 235 5086 310 5144; x_wconf 90' lang='lat' dir='ltr'>enim</span> <span class='ocrx_word' id='word_1_779' title='bbox 321 5087 355 5144; x_wconf 87' lang='lat' dir='ltr'>ad</span> <span class='ocrx_word' id='word_1_780' title='bbox 369 5105 431 5147; x_wconf 90' lang='lat' dir='ltr'>eum</span> <span class='ocrx_word' id='word_1_781' title='bbox 444 5091 593 5150; x_wconf 84' lang='lat' dir='ltr'>Dominus:</span> <span class='ocrx_word' id='word_1_782' title='bbox 611 5093 675 5160; x_wconf 78' lang='lat' dir='ltr'>Quia</span> <span class='ocrx_word' id='word_1_783' title='bbox 686 5104 722 5149; x_wconf 80' lang='lat' dir='ltr'>err</span> <span class='ocrx_word' id='word_1_784' title='bbox 735 5094 777 5149; x_wconf 83' lang='lat' dir='ltr'>bie</span> <span class='ocrx_word' id='word_1_785' title='bbox 787 5095 831 5167; x_wconf 85' lang='lat' dir='ltr'>qui</span> <span class='ocrx_word' id='word_1_786' title='bbox 844 5097 911 5151; x_wconf 84' lang='lat' dir='ltr'>cetat</span> <span class='ocrx_word' id='word_1_787' title='bbox 925 5110 964 5150; x_wconf 87' lang='lat' dir='ltr'>me</span> <span class='ocrx_word' id='word_1_788' title='bbox 978 5110 1039 5150; x_wconf 89' lang='lat' dir='ltr'>con·</span> <span class='ocrx_word' id='word_1_789' title='bbox 1092 5087 1223 5146; x_wconf 79' lang='lat' dir='ltr'>Ecclesiae</span> <span class='ocrx_word' id='word_1_790' title='bbox 1237 5085 1413 5143; x_wconf 86' lang='lat' dir='ltr'>constituitur</span> <span class='ocrx_word' id='word_1_791' title='bbox 1428 5083 1537 5158; x_wconf 78' lang='lat' dir='ltr'>(dordr.</span> <span class='ocrx_word' id='word_1_792' title='bbox 1554 5099 1610 5151; x_wconf 83' lang='lat' dir='ltr'>arr,</span> <span class='ocrx_word' id='word_1_793' title='bbox 1627 5082 1686 5158; x_wconf 80' lang='lat' dir='ltr'>ts),</span> <span class='ocrx_word' id='word_1_794' title='bbox 1700 5098 1777 5142; x_wconf 89' lang='lat' dir='ltr'>nuuc</span> <span class='ocrx_word' id='word_1_795' title='bbox 1791 5083 1885 5142; x_wconf 78' lang='lat' dir='ltr'>Setm</span> 
     </span>
     <span class='ocr_line' id='line_1_52' title="bbox 236 5174 1885 5261; baseline 0.001 -25"><span class='ocrx_word' id='word_1_796' title='bbox 236 5176 336 5248; x_wconf 76' lang='lat' dir='ltr'>titiam,</span> <span class='ocrx_word' id='word_1_797' title='bbox 348 5182 482 5241; x_wconf 76' lang='lat' dir='ltr'>continear</span> <span class='ocrx_word' id='word_1_798' title='bbox 492 5201 621 5242; x_wconf 79' lang='lat' dir='ltr'>sermones</span> <span class='ocrx_word' id='word_1_799' title='bbox 631 5186 659 5242; x_wconf 85' lang='lat' dir='ltr'>ia</span> <span class='ocrx_word' id='word_1_800' title='bbox 669 5187 758 5253; x_wconf 82' lang='lat' dir='ltr'>corde,</span> <span class='ocrx_word' id='word_1_801' title='bbox 772 5196 795 5251; x_wconf 80' lang='lat' dir='ltr'>et</span> <span class='ocrx_word' id='word_1_802' title='bbox 807 5203 846 5244; x_wconf 89' lang='lat' dir='ltr'>me</span> <span class='ocrx_word' id='word_1_803' title='bbox 855 5197 929 5261; x_wconf 86' lang='lat' dir='ltr'>putot</span> <span class='ocrx_word' id='word_1_804' title='bbox 941 5187 1038 5244; x_wconf 82' lang='lat' dir='ltr'>tatere?</span> <span class='ocrx_word' id='word_1_805' title='bbox 1092 5181 1226 5239; x_wconf 80' lang='lat' dir='ltr'>vocabulo</span> <span class='ocrx_word' id='word_1_806' title='bbox 1241 5180 1405 5253; x_wconf 75' lang='lat' dir='ltr'>depravatur</span> <span class='ocrx_word' id='word_1_807' title='bbox 1425 5177 1523 5253; x_wconf 76' lang='lat' dir='ltr'>(ibid,</span> <span class='ocrx_word' id='word_1_808' title='bbox 1537 5174 1595 5249; x_wconf 74' lang='lat'><strong>25).</strong></span> <span class='ocrx_word' id='word_1_809' title='bbox 1615 5175 1707 5235; x_wconf 89' lang='lat' dir='ltr'>Unum</span> <span class='ocrx_word' id='word_1_810' title='bbox 1729 5189 1813 5253; x_wconf 85' lang='lat' dir='ltr'>atquc</span> <span class='ocrx_word' id='word_1_811' title='bbox 1825 5176 1885 5233; x_wconf 67' lang='lat' dir='ltr'>ideo</span> 
     </span>
    </p>
   </div>
   <div class='ocr_carea' id='block_1_5' title="bbox 235 5269 1885 5445">
    <p class='ocr_par' dir='ltr' id='par_1_5' title="bbox 235 5269 1885 5445">
     <span class='ocr_line' id='line_1_53' title="bbox 235 5269 1885 5355; baseline -0.005 -23"><span class='ocrx_word' id='word_1_812' title='bbox 235 5272 350 5347; x_wconf 76' lang='lat' dir='ltr'>Accippe</span> <span class='ocrx_word' id='word_1_813' title='bbox 359 5284 490 5349; x_wconf 80' lang='lat' dir='ltr'>tamquam</span> <span class='ocrx_word' id='word_1_814' title='bbox 501 5281 539 5335; x_wconf 83' lang='lat' dir='ltr'>nir</span> <span class='ocrx_word' id='word_1_815' title='bbox 549 5278 650 5336; x_wconf 74' lang='lat' dir='ltr'>iambos</span> <span class='ocrx_word' id='word_1_816' title='bbox 661 5289 730 5337; x_wconf 78' lang='lat' dir='ltr'>tuor.</span> <span class='ocrx_word' id='word_1_817' title='bbox 744 5280 937 5355; x_wconf 71' lang='lat' dir='ltr'>Interropobo:</span> <span class='ocrx_word' id='word_1_818' title='bbox 951 5290 1038 5336; x_wconf 86' lang='lat' dir='ltr'>toou-</span> <span class='ocrx_word' id='word_1_819' title='bbox 1089 5292 1198 5349; x_wconf 89' lang='lat' dir='ltr'>semper</span> <span class='ocrx_word' id='word_1_820' title='bbox 1222 5275 1367 5348; x_wconf 85' lang='lat' dir='ltr'>operanti,</span> <span class='ocrx_word' id='word_1_821' title='bbox 1391 5288 1463 5330; x_wconf 90' lang='lat' dir='ltr'>nune</span> <span class='ocrx_word' id='word_1_822' title='bbox 1487 5272 1606 5330; x_wconf 88' lang='lat' dir='ltr'>dicitur:</span> <span class='ocrx_word' id='word_1_823' title='bbox 1625 5272 1691 5330; x_wconf 80' lang='lat' dir='ltr'>Non</span> <span class='ocrx_word' id='word_1_824' title='bbox 1713 5274 1835 5332; x_wconf 74' lang='lat' dir='ltr'>revelarit</span> <span class='ocrx_word' id='word_1_825' title='bbox 1844 5269 1885 5325; x_wconf 78' lang='lat' dir='ltr'>bor</span> 
     </span>
     <span class='ocr_line' id='line_1_54' title="bbox 237 5364 1885 5445; baseline -0.001 -23"><span class='ocrx_word' id='word_1_826' title='bbox 237 5374 288 5422; x_wconf 86' lang='lat' dir='ltr'>tem</span> <span class='ocrx_word' id='word_1_827' title='bbox 307 5369 438 5439; x_wconf 81' lang='lat' dir='ltr'>responde</span> <span class='ocrx_word' id='word_1_828' title='bbox 450 5368 525 5425; x_wconf 78' lang='lat' dir='ltr'>aridi.</span> <span class='ocrx_word' id='word_1_829' title='bbox 550 5369 601 5428; x_wconf 79' lang='lat' dir='ltr'>Ubi</span> <span class='ocrx_word' id='word_1_830' title='bbox 620 5389 679 5428; x_wconf 82' lang='lat' dir='ltr'>eros</span> <span class='ocrx_word' id='word_1_831' title='bbox 699 5389 758 5428; x_wconf 83' lang='lat' dir='ltr'>corn</span> <span class='ocrx_word' id='word_1_832' title='bbox 773 5371 911 5445; x_wconf 72' lang='lat' dir='ltr'>fraudarem</span> <span class='ocrx_word' id='word_1_833' title='bbox 927 5381 1034 5443; x_wconf 81' lang='lat' dir='ltr'>terrem,</span> <span class='ocrx_word' id='word_1_834' title='bbox 1091 5368 1137 5424; x_wconf 84' lang='lat' dir='ltr'>tibi</span> <span class='ocrx_word' id='word_1_835' title='bbox 1150 5384 1213 5425; x_wconf 87' lang='lat' dir='ltr'>coro</span> <span class='ocrx_word' id='word_1_836' title='bbox 1223 5378 1247 5424; x_wconf 87' lang='lat' dir='ltr'>et</span> <span class='ocrx_word' id='word_1_837' title='bbox 1261 5366 1383 5441; x_wconf 76' lang='lat' dir='ltr'>sompnis,</span> <span class='ocrx_word' id='word_1_838' title='bbox 1399 5366 1445 5423; x_wconf 83' lang='lat' dir='ltr'>red</span> <span class='ocrx_word' id='word_1_839' title='bbox 1466 5364 1548 5422; x_wconf 82' lang='lat' dir='ltr'>Pater</span> <span class='ocrx_word' id='word_1_840' title='bbox 1560 5381 1654 5433; x_wconf 81' lang='lat' dir='ltr'>atreus,</span> <span class='ocrx_word' id='word_1_841' title='bbox 1674 5368 1722 5439; x_wconf 84' lang='lat' dir='ltr'>qrti</span> <span class='ocrx_word' id='word_1_842' title='bbox 1736 5378 1775 5426; x_wconf 80' lang='lat' dir='ltr'>ert</span> <span class='ocrx_word' id='word_1_843' title='bbox 1786 5368 1813 5424; x_wconf 86' lang='lat' dir='ltr'>in</span> <span class='ocrx_word' id='word_1_844' title='bbox 1825 5365 1885 5423; x_wconf 77' lang='lat' dir='ltr'>reiis</span> 
     </span>
    </p>
   </div>
   <div class='ocr_carea' id='block_1_6' title="bbox 235 5459 1887 5727">
    <p class='ocr_par' dir='ltr' id='par_1_6' title="bbox 235 5459 1887 5727">
     <span class='ocr_line' id='line_1_55' title="bbox 238 5459 1887 5541; baseline 0.016 -26"><span class='ocrx_word' id='word_1_845' title='bbox 238 5459 328 5518; x_wconf 83' lang='lat' dir='ltr'>indico</span> <span class='ocrx_word' id='word_1_846' title='bbox 342 5462 424 5532; x_wconf 83' lang='lat' dir='ltr'>mibi,</span> <span class='ocrx_word' id='word_1_847' title='bbox 441 5463 465 5518; x_wconf 78' lang='lat' dir='ltr'>ai</span> <span class='ocrx_word' id='word_1_848' title='bbox 479 5466 549 5519; x_wconf 77' lang='lat' dir='ltr'>nocti</span> <span class='ocrx_word' id='word_1_849' title='bbox 570 5468 707 5523; x_wconf 82' lang='lat' dir='ltr'>scientium</span> <span class='ocrx_word' id='word_1_850' title='bbox 727 5466 798 5541; x_wconf 82' lang='lat' dir='ltr'>(tot.</span> <span class='ocrx_word' id='word_1_851' title='bbox 822 5483 940 5538; x_wconf 83' lang='lat' dir='ltr'>xsxrrtr,</span> <span class='ocrx_word' id='word_1_852' title='bbox 955 5466 1038 5536; x_wconf 77' lang='lat' dir='ltr'>2-t‚</span> <span class='ocrx_word' id='word_1_853' title='bbox 1091 5465 1188 5536; x_wconf 75' lang='lat' dir='ltr'>(ibid,</span> <span class='ocrx_word' id='word_1_854' title='bbox 1204 5464 1266 5537; x_wconf 80' lang='lat' dir='ltr'>t7);</span> <span class='ocrx_word' id='word_1_855' title='bbox 1284 5476 1467 5520; x_wconf 63' lang='grc' dir='ltr'><strong>11111111ῧῦ1</strong></span> <span class='ocrx_word' id='word_1_856' title='bbox 1488 5460 1641 5535; x_wconf 61' lang='lat' dir='ltr'>5⁰80i3¹¹¹f²</span> <span class='ocrx_word' id='word_1_857' title='bbox 1665 5462 1733 5520; x_wconf 61' lang='grc' dir='ltr'>ΝΜ</span> <span class='ocrx_word' id='word_1_858' title='bbox 1753 5463 1823 5537; x_wconf 63' lang='grc'><strong>111111</strong></span> <span class='ocrx_word' id='word_1_859' title='bbox 1837 5474 1887 5535; x_wconf 72' lang='lat'><strong>‘¹⁸¹‘</strong></span> 
     </span>
     <span class='ocr_line' id='line_1_56' title="bbox 235 5553 1887 5631; baseline 0.004 -20"><span class='ocrx_word' id='word_1_860' title='bbox 235 5569 290 5611; x_wconf 80' lang='lat' dir='ltr'>sec.</span> <span class='ocrx_word' id='word_1_861' title='bbox 305 5553 402 5627; x_wconf 77' lang='lat' dir='ltr'><strong>LXX).</strong></span> <span class='ocrx_word' id='word_1_862' title='bbox 422 5555 457 5612; x_wconf 82' lang='lat' dir='ltr'>Et</span> <span class='ocrx_word' id='word_1_863' title='bbox 476 5567 537 5628; x_wconf 89' lang='lat' dir='ltr'>post</span> <span class='ocrx_word' id='word_1_864' title='bbox 551 5557 665 5615; x_wconf 90' lang='lat' dir='ltr'>multam</span> <span class='ocrx_word' id='word_1_865' title='bbox 687 5558 803 5616; x_wconf 90' lang='lat' dir='ltr'>docendi</span> <span class='ocrx_word' id='word_1_866' title='bbox 824 5560 1039 5631; x_wconf 86' lang='lat' dir='ltr'>eorreptionem,</span> <span class='ocrx_word' id='word_1_867' title='bbox 1095 5559 1142 5615; x_wconf 83' lang='lat' dir='ltr'>bei</span> <span class='ocrx_word' id='word_1_868' title='bbox 1156 5560 1220 5628; x_wconf 75' lang='lat' dir='ltr'>sint,</span> <span class='ocrx_word' id='word_1_869' title='bbox 1233 5557 1278 5615; x_wconf 84' lang='lat' dir='ltr'>red</span> <span class='ocrx_word' id='word_1_870' title='bbox 1291 5567 1418 5630; x_wconf 78' lang='lat' dir='ltr'>qooesnut</span> <span class='ocrx_word' id='word_1_871' title='bbox 1437 5557 1571 5612; x_wconf 75' lang='lat' dir='ltr'>danninum</span> <span class='ocrx_word' id='word_1_872' title='bbox 1586 5553 1685 5629; x_wconf 69' lang='lat' dir='ltr'>(itta,</span> <span class='ocrx_word' id='word_1_873' title='bbox 1705 5558 1769 5631; x_wconf 67' lang='lat'>25).</span> <span class='ocrx_word' id='word_1_874' title='bbox 1783 5559 1887 5630; x_wconf 78' lang='lat' dir='ltr'>bpoato·</span> 
     </span>
     <span class='ocr_line' id='line_1_57' title="bbox 235 5645 1887 5727; baseline 0.003 -22"><span class='ocrx_word' id='word_1_875' title='bbox 235 5645 282 5705; x_wconf 77' lang='lat' dir='ltr'>rel</span> <span class='ocrx_word' id='word_1_876' title='bbox 294 5648 462 5721; x_wconf 84' lang='lat' dir='ltr'>corripiendi</span> <span class='ocrx_word' id='word_1_877' title='bbox 475 5648 630 5707; x_wconf 86' lang='lat' dir='ltr'>doctrinam</span> <span class='ocrx_word' id='word_1_878' title='bbox 646 5669 652 5706; x_wconf 92' lang='lat'>:</span> <span class='ocrx_word' id='word_1_879' title='bbox 669 5651 842 5724; x_wconf 87' lang='lat' dir='ltr'>respondens</span> <span class='ocrx_word' id='word_1_880' title='bbox 858 5654 910 5711; x_wconf 87' lang='lat' dir='ltr'>Job</span> <span class='ocrx_word' id='word_1_881' title='bbox 924 5653 1041 5710; x_wconf 86' lang='lat' dir='ltr'>Domino</span> <span class='ocrx_word' id='word_1_882' title='bbox 1093 5653 1135 5712; x_wconf 85' lang='lat' dir='ltr'>ius</span> <span class='ocrx_word' id='word_1_883' title='bbox 1145 5652 1285 5727; x_wconf 71' lang='lat' dir='ltr'>diligendo</span> <span class='ocrx_word' id='word_1_884' title='bbox 1296 5653 1399 5711; x_wconf 85' lang='lat' dir='ltr'>eiectus</span> <span class='ocrx_word' id='word_1_885' title='bbox 1412 5661 1465 5720; x_wconf 84' lang='lat' dir='ltr'>est,</span> <span class='ocrx_word' id='word_1_886' title='bbox 1476 5648 1780 5724; x_wconf 74' lang='lat' dir='ltr'>diligendoooniusps:</span> <span class='ocrx_word' id='word_1_887' title='bbox 1795 5651 1887 5710; x_wconf 76' lang='lat' dir='ltr'>taum</span> 
     </span>
    </p>
   </div>
   <div class='ocr_carea' id='block_1_7' title="bbox 212 5786 1887 6023">
    <p class='ocr_par' dir='ltr' id='par_1_7' title="bbox 212 5786 1887 6023">
     <span class='ocr_line' id='line_1_58' title="bbox 271 5786 1887 5865; baseline 0 -19"><span class='ocrx_word' id='word_1_888' title='bbox 271 5798 285 5829; x_wconf 78' lang='lat'><em>⁰</em></span> <span class='ocrx_word' id='word_1_889' title='bbox 302 5788 387 5846; x_wconf 89' lang='lat' dir='ltr'>Ponit</span> <span class='ocrx_word' id='word_1_890' title='bbox 398 5806 446 5865; x_wconf 83' lang='lat' dir='ltr'>epo</span> <span class='ocrx_word' id='word_1_891' title='bbox 456 5788 626 5856; x_wconf 78' lang='lat' dir='ltr'>Gattandius,</span> <span class='ocrx_word' id='word_1_892' title='bbox 641 5796 670 5845; x_wconf 90' lang='lat' dir='ltr'>et</span> <span class='ocrx_word' id='word_1_893' title='bbox 684 5789 712 5845; x_wconf 87' lang='lat' dir='ltr'>in</span> <span class='ocrx_word' id='word_1_894' title='bbox 725 5788 801 5846; x_wconf 86' lang='lat' dir='ltr'>ratee</span> <span class='ocrx_word' id='word_1_895' title='bbox 813 5788 923 5846; x_wconf 87' lang='lat' dir='ltr'>subdit:</span> <span class='ocrx_word' id='word_1_896' title='bbox 948 5787 1038 5846; x_wconf 78' lang='lat' dir='ltr'>rdditi</span> <span class='ocrx_word' id='word_1_897' title='bbox 1091 5787 1302 5855; x_wconf 82' lang='lat' dir='ltr'>Verumtamen,</span> <span class='ocrx_word' id='word_1_898' title='bbox 1318 5787 1550 5856; x_wconf 83' lang='lat' dir='ltr'>quemadmodum</span> <span class='ocrx_word' id='word_1_899' title='bbox 1565 5786 1612 5846; x_wconf 93' lang='lat' dir='ltr'>bic</span> <span class='ocrx_word' id='word_1_900' title='bbox 1627 5786 1763 5858; x_wconf 78' lang='lat' dir='ltr'>Orosius,</span> <span class='ocrx_word' id='word_1_901' title='bbox 1778 5791 1887 5859; x_wconf 75' lang='lat' dir='ltr'>increpo·</span> 
     </span>
     <span class='ocr_line' id='line_1_59' title="bbox 222 5858 1887 5942; baseline -0.001 -22"><span class='ocrx_word' id='word_1_902' title='bbox 222 5861 312 5930; x_wconf 70' lang='lat' dir='ltr'>maie,</span> <span class='ocrx_word' id='word_1_903' title='bbox 331 5863 405 5932; x_wconf 78' lang='lat' dir='ltr'>orrtd</span> <span class='ocrx_word' id='word_1_904' title='bbox 418 5881 494 5939; x_wconf 80' lang='lat' dir='ltr'>erpo.</span> <span class='ocrx_word' id='word_1_905' title='bbox 514 5862 606 5932; x_wconf 81' lang='lat' dir='ltr'>LXX,</span> <span class='ocrx_word' id='word_1_906' title='bbox 620 5866 652 5923; x_wconf 83' lang='lat' dir='ltr'>Ti</span> <span class='ocrx_word' id='word_1_907' title='bbox 666 5860 705 5923; x_wconf 74' lang='grc' dir='ltr'>ἔτι</span> <span class='ocrx_word' id='word_1_908' title='bbox 729 5862 779 5941; x_wconf 70' lang='lat' dir='ltr'>ipris</span> <span class='ocrx_word' id='word_1_909' title='bbox 791 5863 909 5942; x_wconf 67' lang='grc' dir='ltr'>κρίνομαι</span> <span class='ocrx_word' id='word_1_910' title='bbox 926 5862 1038 5939; x_wconf 70' lang='grc' dir='ltr'>ἐλέγχων</span> <span class='ocrx_word' id='word_1_911' title='bbox 1092 5870 1133 5917; x_wconf 83' lang='lat' dir='ltr'>tttr</span> <span class='ocrx_word' id='word_1_912' title='bbox 1146 5878 1163 5915; x_wconf 86' lang='lat' dir='ltr'>o</span> <span class='ocrx_word' id='word_1_913' title='bbox 1177 5858 1300 5930; x_wconf 78' lang='lat' dir='ltr'>Dourion,</span> <span class='ocrx_word' id='word_1_914' title='bbox 1316 5858 1353 5917; x_wconf 78' lang='lat' dir='ltr'>ita</span> <span class='ocrx_word' id='word_1_915' title='bbox 1366 5874 1476 5934; x_wconf 83' lang='lat' dir='ltr'>quoquc</span> <span class='ocrx_word' id='word_1_916' title='bbox 1488 5859 1554 5934; x_wconf 78' lang='lat' dir='ltr'>teqtt</span> <span class='ocrx_word' id='word_1_917' title='bbox 1567 5859 1597 5920; x_wconf 83' lang='lat' dir='ltr'>S.</span> <span class='ocrx_word' id='word_1_918' title='bbox 1609 5859 1796 5935; x_wconf 61' lang='lat' dir='ltr'>Augustinus,</span> <span class='ocrx_word' id='word_1_919' title='bbox 1808 5870 1837 5921; x_wconf 81' lang='grc'>11</span> <span class='ocrx_word' id='word_1_920' title='bbox 1846 5875 1887 5918; x_wconf 78' lang='grc' dir='ltr'>ιι·</span> 
     </span>
     <span class='ocr_line' id='line_1_60' title="bbox 212 5931 1344 6023; baseline -0.011 -25"><span class='ocrx_word' id='word_1_921' title='bbox 212 5936 328 6016; x_wconf 66' lang='lat' dir='ltr'>stipem</span> <span class='ocrx_word' id='word_1_922' title='bbox 341 5935 577 6023; x_wconf 79' lang='lat' dir='ltr'>Quidndtroeepo</span> <span class='ocrx_word' id='word_1_923' title='bbox 586 5939 698 6019; x_wconf 78' lang='lat' dir='ltr'>judicor</span> <span class='ocrx_word' id='word_1_924' title='bbox 756 5953 871 6016; x_wconf 67' lang='lat' dir='ltr'>atquem</span> <span class='ocrx_word' id='word_1_925' title='bbox 882 5934 1045 5995; x_wconf 66' lang='lat' dir='ltr'>bominem?</span> <span class='ocrx_word' id='word_1_926' title='bbox 1097 5931 1344 5994; x_wconf 69' lang='lat' dir='ltr'>uutatbstidmsn</span> 
     </span>
    </p>
   </div>
   <div class='ocr_carea' id='block_1_8' title="bbox 0 0 2100 6434">
    <p class='ocr_par' dir='ltr' id='par_1_8' title="bbox 0 0 2100 6434">
     <span class='ocr_line' id='line_1_61' title="bbox 0 0 2100 6434; baseline 0 1"><span class='ocrx_word' id='word_1_927' title='bbox 0 0 2100 6434; x_wconf 95' lang='lat' dir='ltr'> </span> 
     </span>
    </p>
   </div>
  </div>
 </body>
</html>
