4192 6434
202 439 237 498 rr
877 429 1050 489 tucronts
1069 429 1161 488 nrrn.
1348 445 1350 450 ·
1701 398 1703 400 ’
1824 431 1858 490 ιι

199 548 289 623 ipsum
300 545 436 604 lucturum
447 543 601 611 aiHrmaos,
615 531 639 600 si
652 543 800 601 Doctorum
812 543 945 614 omnium,
958 544 1005 617 qui
1017 544 1044 607 A
1057 544 1152 617 quanti
1165 553 1191 602 et
1204 544 1293 616 quales
1303 545 1353 599 oiri
1367 561 1424 600 eant
1438 545 1616 618 fundaverint,
1632 546 1819 615 exstruxerint,
1835 560 1861 605 et

200 642 257 700 sita
272 649 300 700 et
313 640 427 710 scriptis
437 638 590 697 Ecclesiam
602 637 651 696 bei
668 638 863 709 illustrassent,
879 639 1001 703 nonnius,

200 743 229 794 ct
242 733 469 814 luepbrationcs,
490 745 569 788 more
582 730 716 804 catalogi,
731 730 766 787 ad
782 747 864 788 unum
879 730 1004 787 breuius·

199 828 292 885 culnm
314 827 444 883 uolumen
466 823 663 882 encomiasticc
686 824 859 881 reduceret:
887 836 917 880 ut
940 840 1002 881 cum

185 921 317 998 ngentiles
335 920 478 978 rhetorum
497 934 531 975 ac
551 927 697 991 poetarum
718 935 828 976 suorum
848 920 1002 991 catalogum

200 1014 281 1072 nobis
297 1010 462 1084 objicerent,
477 1027 558 1084 quern
572 1011 719 1069 Suetonius
730 1013 918 1084 Trarrqnillns,
932 1013 1003 1068 libro

198 1108 233 1165 de
242 1107 388 1165 illustribus
396 1105 583 1163 Grammaticis
593 1106 668 1163 edito
678 1106 853 1175 coniecerat,
865 1105 1002 1164 Crurlrulici

199 1214 312 1256 suornm
324 1196 482 1269 catalogum
494 1212 623 1269 promere
635 1205 758 1269 possent,
769 1208 796 1253 et
808 1197 924 1270 gentiles
934 1214 1002 1269 riuos

202 1291 286 1349 inscia
299 1298 423 1346 uetustas
437 1289 628 1358 reiterabatur,
642 1288 789 1360 imperiti-u
802 1298 830 1345 et
840 1288 1002 1360 ignor-anum

199 1386 375 1458 redarguere.
390 1384 414 1442 0
428 1382 539 1455 dignam
554 1382 707 1439 Christiani
724 1391 751 1439 et
766 1383 840 1440 docti
856 1382 907 1439 tiri
925 1383 1001 1456 cogi·

199 1477 352 1536 tationem!
375 1475 530 1533 camimum
549 1474 686 1531 nobileml
702 1474 771 1544 Quid
788 1475 887 1531 mirum
908 1475 930 1531 si
946 1491 1001 1532 raon

198 1574 285 1630 solnm
294 1572 465 1643 clarusspad
473 1571 611 1639 seculum,
623 1570 672 1626 sed
683 1570 778 1639 etiam,
789 1570 861 1640 quood
874 1572 900 1626 in
912 1586 1001 1627 secco-

199 1664 251 1721 lari
262 1664 373 1721 lrominc
388 1678 480 1718 rarum
498 1670 551 1730 est,
564 1659 663 1717 Christi
678 1661 740 1729 fidei
750 1662 864 1723 deditas.
876 1662 1001 1717 dicarunt

199 1760 271 1817 Sanc
293 1757 367 1831 quod
393 1756 542 1813 Doctorum
564 1754 695 1811 Ecclesiae
719 1755 843 1825 catalago
867 1754 999 1818 truantur,

199 1848 302 1906 Dextro
315 1865 342 1904 r.
362 1863 388 1904 c.
408 1847 540 1903 debemus
557 1863 563 1900 :
579 1861 641 1902 nam
657 1845 715 1915 ejus
729 1845 837 1900 bortatu
856 1843 885 1900 S.
903 1843 999 1899 Hiero-

1057 637 1218 707 ornanerint,
1231 647 1256 692 et
1271 637 1391 694 desinant
1405 639 1483 710 fidem
1503 648 1621 694 nostram
1633 639 1739 696 rusticas
1758 648 1859 696 laruam

1055 732 1232 805 simplicitatis
1264 749 1395 807 arguere,
1429 750 1554 806 saumque
1586 734 1672 804 potius
1699 734 1859 807 imperitiam

1055 836 1207 897 agnoscant.
1220 825 1357 883 Hactenus
1371 826 1553 900 Hieronymus
1570 827 1681 885 uestro.

1091 919 1197 991 Agebat
1210 935 1244 977 eo
1265 930 1390 994 terrrpore
1408 922 1508 978 Dexter
1528 937 1629 978 annum
1644 923 1732 980 relatis
1746 939 1813 980 xxm
1828 930 1857 979 ct

1056 1014 1124 1071 licet
1135 1014 1328 1072 adulescentiae
1343 1023 1430 1072 metas
1450 1032 1506 1072 non
1521 1017 1697 1083 excessisset,
1713 1016 1804 1072 animo
1820 1024 1860 1071 ta-

1055 1122 1117 1164 men
1139 1121 1224 1163 canus
1247 1123 1341 1165 senem
1366 1107 1465 1164 studiis
1490 1123 1546 1178 pre
1566 1123 1597 1164 se
1611 1108 1732 1177 lerebat;
1747 1108 1860 1165 undeet

1054 1209 1177 1271 coeperat
1196 1201 1352 1258 Clrronicon
1379 1215 1457 1256 sunm
1483 1201 1610 1257 Historiae
1634 1200 1802 1256 omnimodae
1828 1200 1854 1256 in

1053 1293 1170 1364 gratiam
1181 1293 1303 1365 ejusdem
1314 1293 1472 1365 Hieronymi
1487 1303 1597 1361 texere;
1608 1308 1663 1365 quo
1678 1293 1809 1349 nimirum
1822 1294 1855 1349 ad

1053 1385 1210 1458 catalogum
1228 1387 1396 1457 scriptorum
1407 1384 1583 1454 ordiendum,
1597 1387 1686 1456 ipsum
1700 1385 1831 1442 excitaret
1846 1405 1854 1440 s

1054 1478 1161 1534 tametsi
1178 1478 1259 1533 rebus
1270 1477 1386 1542 militia,
1401 1484 1429 1532 et
1443 1476 1636 1547 imperatorum
1650 1475 1763 1533 servitio
1773 1476 1855 1548 longo

1054 1580 1178 1642 ternpore
1196 1570 1327 1636 intentus,
1349 1569 1508 1640 ingentique
1530 1577 1740 1626 mernorruarnm
1761 1585 1852 1625 rorum

1052 1663 1185 1719 varietate
1200 1663 1338 1728 detentus,
1354 1662 1435 1718 sunem
1447 1662 1499 1733 ipsi
1511 1662 1564 1718 uisi
1577 1672 1639 1734 post
1654 1661 1755 1718 multos
1767 1677 1856 1719 astrios

1054 1770 1107 1809 nou
1125 1754 1240 1809 natluerit
1260 1754 1402 1825 imponere
1418 1771 1424 1807 ι
1440 1752 1549 1824 quando
1565 1754 1669 1810 scilicet
1689 1754 1766 1810 senio
1786 1770 1854 1811 con·

1054 1848 1150 1915 lectns,
1166 1848 1287 1919 qrrietenr
1304 1827 1378 1902 dnioi
1391 1862 1457 1914 sum,
1483 1847 1584 1903 exteris
1605 1847 1715 1918 rejectis
1740 1848 1853 1915 nonnulis,

199 1955 298 2013 aymus
320 1938 487 2011 prouinciam
509 1953 570 1994 eam
585 1938 729 2017 suscepit3
754 1938 833 2006 cuius
853 1935 998 1994 dclieicntc
1013 1923 1037 1984 Β
1053 1939 1231 2009 philosophia
1252 1936 1414 1994 ebusitana,
1436 1936 1597 1993 exercende
1610 1937 1695 2009 gratia
1710 1937 1848 2009 qstmsiult.
1875 1949 1878 1953 ’

200 2034 412 2101 lucubratione,
440 2033 600 2088 innumeros
624 2030 798 2102 antiquorum
829 2031 994 2100 Doctormn,

200 2142 315 2199 querum
330 2124 411 2181 ruodo
424 2139 516 2195 operm
532 2138 586 2179 non
602 2130 724 2188 exstant,
740 2137 884 2179 necessum
902 2124 998 2181 luisset

198 2219 333 2292 ignorare.
348 2220 480 2275 bannens
493 2217 577 2290 igitur
591 2217 686 2274 Dentri
700 2216 845 2274 desideriis
860 2218 997 2292 Hierony-

200 2327 262 2368 mus
278 2326 332 2367 ooo
345 2310 434 2367 selum
449 2310 603 2382 catalogum
617 2309 739 2379 cupitum
755 2306 889 2373 corrleeit,
906 2309 953 2365 scd
969 2321 997 2367 et

203 2406 301 2462 librum
312 2406 402 2476 ipsum
415 2404 519 2460 llestro
530 2401 639 2471 dicauit,
652 2411 680 2457 et
689 2401 834 2474 epistolam
846 2400 916 2458 libro
927 2417 996 2473 prec-

201 2498 301 2572 posuit,
313 2496 460 2554 uidelicet:

445 2579 614 2646 ursaonnssus
632 2602 749 2644 nerano.

233 2682 367 2752 Hortaris,
384 2681 494 2750 Hester,
510 2689 538 2736 ιιι
564 2679 747 2754 Trarrqaillunr
772 2695 897 2747 sequeus,
912 2681 993 2735 eccle·

197 2777 315 2834 siasticos
329 2777 477 2846 Scriptores
493 2775 521 2829 in
535 2773 657 2829 ordinem
674 2775 812 2846 digeram,-
827 2785 851 2829 et
870 2774 940 2844 quod
951 2774 997 2829 ille

198 2868 225 2923 in
239 2867 425 2924 enumerandis
444 2867 579 2941 gentilium
600 2867 746 2921 litterarum
766 2867 828 2921 uiris
840 2868 902 2939 fecit
921 2865 997 2923 illus·

198 2961 294 3033 tribas,
316 2977 363 3032 epo
376 2961 404 3015 in
428 2959 524 3014 nostris
538 2959 634 3032 {acum
648 2975 657 3015 :
670 2959 698 3013 id
714 2967 763 3026 est,
787 2969 816 3013 ut
839 2976 856 3013 a
876 2959 997 3030 paccione

197 3051 294 3109 Cissisti
316 3051 446 3125 usquead
465 3053 594 3108 deciorum
611 3062 732 3123 quartam
748 3050 888 3106 Ttaeadosii
902 3053 995 3125 impes.

1050 2032 1116 2090 inde
1131 2032 1234 2088 iactum
1249 2041 1302 2097 est,
1318 2040 1349 2088 ut
1360 2032 1543 2103 Hieronymus
1554 2033 1615 2102 ejus
1629 2032 1690 2088 libri
1701 2032 1728 2088 iu
1739 2048 1789 2087 suo
1804 2026 1851 2088 ca·

1051 2129 1141 2200 talogo
1159 2128 1327 2193 meminerit,
1342 2143 1424 2198 quaem
1440 2127 1630 2182 nutriebamini
1647 2127 1701 2183 595
1715 2126 1847 2196 coniecit,

1049 2230 1076 2277 et
1091 2221 1266 2277 nibilominus
1281 2220 1403 2276 ultimam
1419 2235 1527 2275 manum
1543 2218 1703 2290 imposuerit
1714 2233 1764 2275 sno
1778 2219 1850 2274 Dux·

1050 2323 1091 2370 ter
1105 2329 1177 2369 antro
1192 2312 1302 2367 Honuni
1313 2310 1367 2368 lit)
1380 2321 1443 2382 post
1457 2311 1615 2383 Hieronymi
1630 2320 1757 2379 nrortcm,
1774 2319 1803 2366 nt
1816 2325 1850 2368 ex

1047 2404 1164 2477 prologo
1179 2403 1275 2474 liquet.
1291 2402 1460 2473 Quarrrqnam
1481 2401 1507 2458 id
1522 2419 1630 2473 querque
1644 2402 1786 2474 probabile
1801 2401 1852 2458 ad·
1925 2444 1930 2455 .

1047 2496 1158 2554 modum
1172 2496 1219 2561 sit,
1236 2511 1289 2550 rrou
1303 2510 1336 2551 co
1346 2509 1430 2556 anino,
1441 2493 1646 2564 quocatalogus
1658 2508 1673 2548 a
1684 2493 1853 2565 Hieronymo

1050 2587 1206 2645 elaboratus
1230 2586 1293 2652 luit,
1318 2584 1412 2642 Dextri
1438 2583 1581 2640 bistnriam
1607 2584 1634 2640 in
1658 2600 1692 2640 eo
1719 2585 1850 2640 insertam

1048 2678 1143 2744 luisse,
1157 2678 1204 2735 sed
1221 2687 1283 2749 post
1302 2677 1405 2748 aliquot
1420 2691 1523 2742 annos,
1545 2675 1655 2747 quando
1671 2675 1799 2731 uidelicet
1812 2675 1847 2732 ad

1047 2771 1108 2841 ejus
1122 2769 1244 2826 lautitiam
1260 2770 1384 2842 peruenit
1401 2767 1492 2823 Dextri
1508 2766 1675 2830 lucubratio,
1689 2776 1717 2822 et
1739 2765 1849 2822 dedica·

1048 2863 1131 2920 tionis
1144 2864 1332 2936 propositurum
1350 2859 1577 2933 quenradtuodnru
1594 2870 1623 2915 ct
1634 2859 1703 2916 alios
1719 2859 1847 2930 paulatim

1048 2955 1199 3012 inseruisse
1220 2970 1348 3012 successu
1367 2954 1508 3025 temporis,
1525 2952 1576 3009 sibi
1596 2963 1660 3009 arrte
1680 2950 1844 3023 incognitos,

1048 3063 1098 3105 suo
1112 3048 1173 3104 loco
1184 3048 1282 3104 dicturi
1300 3065 1404 3105 surinus.

197 3161 295 3201 annum
308 3145 455 3217 omnesqui
468 3146 501 3199 de
526 3143 673 3216 Scripturis
687 3144 783 3199 carretis
799 3146 930 3198 nrerrrerioe
946 3142 997 3197 ali·
1083 3138 1278 3196 crebrescente
1291 3140 1349 3210 ejus
1363 3140 1443 3206 lama,
1467 3139 1576 3195 tandem
1604 3138 1638 3194 ab
1662 3138 1779 3195 Arcadio
1802 3139 1849 3210 quui

196 3240 259 3309 arsid
285 3239 470 3311 prodiderant,
494 3237 540 3293 rior·
567 3237 675 3292 breuiter
700 3252 837 3309 erpaoaor.
866 3235 997 3291 Fecerunt
1047 3231 1168 3289 Orientis
1187 3233 1330 3303 imperium
1345 3249 1360 3287 a
1375 3232 1528 3289 Theodosio
1545 3244 1655 3302 parente
1672 3218 1847 3287 lrmreditario

196 3330 301 3403 quidem
321 3329 452 3384 basidem
472 3327 543 3400 apud
563 3325 667 3383 Grecos
682 3325 843 3399 Herruippas
859 3325 993 3398 Peripate·
1008 3297 1031 3358 ⁰
1045 3325 1108 3394 jure
1132 3333 1308 3395 susceperat,
1334 3326 1367 3379 ad
1384 3325 1572 3395 praefecturam
1601 3326 1720 3394 praetorii
1746 3326 1847 3379 Dexter

196 3420 428 3493 tiras,rtrrtigoaas
438 3417 584 3491 Carystius,
596 3418 707 3490 Satyrus
717 3419 808 3472 dactus
822 3418 872 3482 nir,
886 3428 909 3472 es
919 3417 996 3490 lotape
1047 3424 1158 3472 euectus
1173 3425 1225 3482 cst,
1240 3416 1285 3471 cui
1301 3415 1377 3470 nulla
1393 3426 1454 3472 erat
1468 3425 1525 3471 tcto
1546 3416 1660 3485 imperio
1675 3414 1793 3486 dignitas
1808 3429 1848 3470 sc·

197 3512 315 3567 omniurn
331 3511 495 3566 doctissimus
513 3511 683 3566 Aristoxenus
698 3507 818 3564 linricus
833 3507 929 3580 :apud
944 3507 996 3561 La·
1046 3507 1144 3578 qrralis,
1161 3517 1255 3578 utpote
1270 3508 1341 3564 unde
1356 3509 1456 3563 rrtultos
1478 3506 1511 3562 ad
1524 3522 1654 3563 cornuam
1676 3507 1782 3577 imperii
1797 3523 1847 3564 uo·

197 3604 264 3659 tiaras
276 3612 362 3659 ιιιιιιιι
372 3600 467 3670 i'arro,
481 3603 589 3667 Sarrtra,
606 3600 705 3675 Nepos,
718 3597 851 3673 Hyginus,
862 3611 898 3665 et,
909 3599 996 3653 aden·
1046 3609 1121 3656 catos
1145 3615 1181 3656 ert
1206 3599 1326 3657 historiis
1352 3604 1464 3658 scimus.
1478 3601 1538 3670 Quo
1561 3617 1633 3657 astruo
1657 3601 1846 3671 praefecturam

192 3699 240 3769 y'ns
250 3712 296 3752 aas
305 3697 453 3766 surruptum
465 3696 503 3750 uis
515 3711 563 3766 pro
579 3691 861 3766 orare,Tranquitlas.
877 3691 930 3749 Sed
943 3710 994 3746 arna
1046 3692 1166 3762 pretorii
1188 3693 1288 3750 Denter
1311 3695 1424 3765 praecise
1448 3694 1538 3751 inierit
1565 3710 1618 3750 nun
1644 3702 1768 3760 coristat;
1795 3693 1848 3752 boc

199 3806 266 3856 ntea,
281 3800 306 3844 ct
324 3789 431 3844 illorum
445 3788 539 3844 siruilia
550 3795 589 3842 est
603 3787 716 3842 conditio
732 3804 739 3839 .·
755 3784 798 3840 itti
819 3785 888 3841 enirn
900 3792 996 3839 ueteres
1047 3800 1128 3839 sanum
1141 3793 1230 3840 tarrren
1243 3784 1337 3856 liquet,
1350 3802 1422 3842 arturo
1435 3784 1536 3842 Cltristi
1545 3783 1726 3851 Honsinitllb,
1739 3801 1793 3856 quo
1804 3786 1845 3840 vi·

198 3883 329 3949 Historias,
345 3880 502 3952 annalesque
525 3881 693 3950 replicantes,
715 3888 852 3951 potuerunt
871 3877 946 3948 quasi
963 3877 996 3932 de
1046 3877 1146 3933 delicet
1163 3877 1191 3934 S.
1219 3879 1401 3950 Hieronymus
1420 3879 1567 3935 secundam
1583 3877 1616 3934 ad
1631 3877 1757 3933 llnlinum
1773 3878 1848 3934 dedit

197 3975 296 4046 ingenti
320 3984 396 4046 prato
420 3989 528 4045 paruam
543 3971 661 4042 opusculi
683 3971 724 4026 sni
746 3987 869 4026 corosrarn
885 3982 994 4025 terere:
1045 3970 1218 4041 Apologiam,
1231 3969 1418 4041 praelecturam
1436 3970 1492 4040 jam
1512 3986 1589 4027 suam
1606 3970 1768 4040 explevisse,
1782 3985 1844 4027 curn
1936 3971 1941 3976 ’

198 4083 245 4138 ego
258 4066 321 4138 qnid
342 4076 447 4122 acturus
467 4082 536 4133 surra,
549 4066 595 4137 tyni
615 4063 717 4119 trullum
739 4063 863 4136 precinui
874 4078 993 4133 sequens,
1046 4073 1136 4118 tamen
1155 4078 1227 4118 arturo
1242 4062 1289 4119 illo
1302 4063 1356 4120 395
1370 4079 1423 4135 quo
1438 4063 1590 4134 catalogum
1606 4064 1768 4133 scripturum
1784 4078 1847 4134 per-

198 4159 337 4229 pessimum
350 4161 389 4230 (at
408 4159 513 4228 dicitur)
529 4159 683 4232 magistrum
704 4157 880 4230 nsernetipsnrn
896 4156 996 4212 trabae?
1046 4154 1120 4223 iecit,
1137 4155 1258 4210 nondum
1274 4154 1377 4211 adeam
1393 4156 1581 4212 ascendisset:
1595 4156 1622 4210 iu
1637 4155 1760 4226 catalogo
1771 4155 1844 4211 coint

200 4250 364 4323 Quamqnarn
378 4248 647 4321 EusebiusPanrpbili
661 4250 688 4305 in
703 4249 790 4304 decens
805 4247 995 4303 Ecclesiasticus
1045 4248 1092 4304 illo
1105 4262 1159 4303 non
1175 4265 1207 4302 eo
1224 4247 1302 4303 titulo
1316 4264 1331 4302 a
1347 4248 1513 4321 Hieronymo
1535 4247 1697 4313 bonoratur,
1713 4249 1760 4302 sed
1775 4248 1843 4303 slm-

200 4341 317 4395 bistosioe
340 4340 424 4406 libris,
448 4344 561 4397 numiano
585 4342 658 4396 uobis
682 4342 833 4415 adjacente
852 4340 931 4411 suerit
947 4354 957 4395 .·
971 4346 996 4394 et
1046 4339 1108 4408 plici
1118 4355 1183 4396 usus
1197 4349 1238 4396 est
1250 4340 1359 4395 nomine
1373 4358 1380 4395 :
1395 4338 1569 4412 Hieronymus
1582 4339 1691 4396 Heatso.
1710 4337 1842 4404 Hortaris,

197 4431 363 4503 singulorum
374 4432 407 4486 de
420 4433 512 4502 quibus
525 4435 743 4501 scriptarisuums
755 4434 896 4498 solustrina,
908 4444 996 4488 etates
1044 4430 1151 4486 Hester.
1174 4431 1204 4486 in
1220 4431 1348 4504 Apologia
1364 4447 1439 4497 uero,
1461 4433 1527 4486 Atrtc
1547 4432 1715 4499 decennnium,
1737 4431 1843 4502 inspuit,

198 4535 338 4579 auctorum
359 4539 466 4579 suorum
488 4539 556 4592 sepe
577 4536 713 4581 testantur.
742 4527 835 4596 ltaryne
856 4525 996 4580 Horatianus
1044 4540 1104 4578 cum
1118 4524 1213 4579 Hester
1222 4525 1320 4579 amicus
1333 4540 1415 4590 alteus,
1430 4526 1473 4595 qni
1484 4525 1664 4596 preelecturnm
1676 4526 1846 4580 ndnsiaislra·

197 4615 287 4671 Jesuas
300 4614 433 4672 Claristum
454 4631 560 4687 precor,
581 4627 608 4669 ιιι
626 4620 694 4688 quod
708 4618 797 4675 Cicero
816 4629 888 4685 tuns,
901 4619 946 4690 qui
967 4619 994 4672 in
1046 4618 1221 4688 eitpretorii,
1237 4627 1414 4691 berencurt,
1431 4627 1459 4671 ut
1477 4629 1614 4673 sanctorum
1634 4626 1729 4675 ttositoe
1741 4618 1847 4689 reiigio-

199 4724 260 4763 aree
274 4707 399 4763 Romana·
411 4709 480 4764 stetit
498 4708 654 4777 eloquentie
677 4728 727 4766 non
751 4722 788 4767 est
809 4712 894 4783 [acere
917 4710 992 4765 dedi·
1008 4669 1088 4765 Daris
1101 4712 1125 4767 ei
1148 4710 1259 4765 irrdicean
1274 4719 1395 4766 tererem.
1415 4710 1565 4781 'trigesimo
1580 4709 1667 4782 (reor)
1685 4712 1773 4766 aetatis
1788 4724 1845 4765 sum

199 4809 294 4872 paratus
307 4800 333 4854 in
346 4799 439 4869 Bruto,
453 4809 586 4855 oratorum
602 4797 703 4855 Latinae
718 4804 812 4874 lingue
825 4815 912 4860 terens
927 4814 995 4860 cate·
1046 4818 1118 4857 norro
1134 4802 1253 4872 pretorii
1269 4803 1412 4873 preelectus
1425 4800 1511 4855 iactus
1522 4800 1571 4853 luit
1586 4817 1593 4856 :
1609 4809 1636 4855 ct
1651 4801 1686 4856 55
1696 4800 1752 4872 iarn
1773 4816 1845 4872 prm·

200 4890 301 4964 loyen,
314 4894 343 4947 s'd
362 4909 410 4965 epo
430 4895 457 4947 in
478 4893 602 4949 Ecclesia·
618 4893 691 4948 illias
713 4897 877 4967 scriptoribus
891 4915 995 4953 erasure·
1046 4895 1152 4952 lectura
1173 4892 1333 4964 perfunctus
1355 4899 1497 4961 tantopere
1512 4891 1704 4964 Hieronymum
1720 4893 1846 4949 iaoriliari

200 4987 301 5052 sanda,
314 4984 392 5058 digne
403 4983 582 5041 rolrartatione
601 4997 646 5041 lna
663 4986 797 5057 implento.
813 4989 897 5060 siqui
908 5002 995 5046 antem
1046 4986 1183 5057 colloquio
1197 4996 1224 5043 et
1234 4985 1344 5057 seriptis
1357 4995 1535 5055 consueuerat,
1552 4994 1583 5041 ut
1598 4985 1705 5057 abipso
1719 4987 1797 5042 amici
1812 4987 1846 5043 ti·

200 5075 233 5132 de
247 5077 288 5131 luis
307 5078 351 5143 ant
367 5094 447 5150 usgue
462 5078 539 5133 bodie
553 5079 710 5150 scriptitant,
724 5098 740 5134 a
753 5096 794 5135 me
813 5080 841 5135 in
862 5083 909 5137 laec
924 5083 997 5139 nalu-
1047 5082 1132 5138 tulum
1147 5081 1286 5138 meruerit.

200 5170 269 5224 misse
287 5171 452 5242 proelerrnissi
471 5181 542 5238 suist,
558 5172 812 5245 cisternicensis
831 5173 998 5230 nrilridebent
1084 5173 1175 5229 liebus
1195 5173 1315 5244 praetorii
1337 5172 1453 5229 icliciler
1474 5171 1679 5237 administratis,
1703 5184 1731 5230 et
1755 5175 1846 5231 mullis

198 5265 328 5335 imputare
343 5279 352 5317 .·
366 5280 446 5335 neque
459 5262 822 5338 errirncelantcsscripturae,
839 5267 923 5323 debis
939 5285 997 5340 quse
1048 5267 1127 5322 aunis
1142 5267 1169 5320 in
1183 5265 1294 5322 seruitio
1316 5267 1497 5336 Augustorum
1523 5266 1645 5337 Arcadii,
1668 5275 1696 5323 et
1721 5267 1844 5337 Honos-ii,

201 5373 252 5411 non
266 5356 317 5429 legi
327 5372 403 5410 inesse
415 5356 506 5427 potui:
519 5366 543 5412 et
560 5357 630 5428 prsod
645 5357 704 5411 aliis
719 5359 831 5429 forsitan
845 5360 880 5414 sit
897 5371 997 5425 stolum,
1048 5372 1081 5413 ac
1091 5356 1210 5428 junioris
1221 5356 1366 5413 'llteodosii
1376 5358 1519 5422 corrlectis,
1536 5357 1644 5414 tandem
1658 5358 1800 5416 decorum
1816 5360 1848 5416 li·

201 5452 265 5505 nsilri
278 5453 306 5504 in
320 5451 368 5505 bae
383 5461 511 5504 terrarum
523 5448 620 5523 angulo
633 5453 709 5523 [uerit
723 5452 997 5527 Quintumdecimum
1048 5450 1137 5506 centia
1151 5448 1304 5521 iu'paniam
1319 5451 1481 5518 revertitur;
1495 5451 1540 5506 ubi
1553 5460 1642 5507 tameo
1657 5453 1846 5523 ouieleoptata

201 5542 305 5614 scriptis
327 5543 380 5596 suis
402 5542 554 5609 claruerint,
568 5559 620 5598 nou
635 5560 792 5616 niagnopere
807 5546 889 5600 rsostri
902 5545 1000 5601 silentii
1052 5560 1105 5600 non
1118 5543 1167 5598 diu
1181 5544 1259 5614 potiri
1273 5544 1364 5600 datum
1379 5542 1440 5612 suit,
1456 5559 1518 5600 tram
1532 5543 1566 5600 ud
1578 5545 1697 5617 regimen
1711 5546 1849 5603 toletanae

202 5635 338 5704 dispendio
352 5634 531 5706 suspirabunt.
555 5635 661 5692 Discunt
677 5653 740 5709 erpo
759 5635 860 5703 Celsus,
874 5638 999 5710 Parplrp·
1055 5636 1308 5706 urbisassnnrprns,
1323 5635 1447 5691 norrnibil
1458 5635 1549 5693 studia
1564 5647 1651 5709 coeptu
1666 5637 1849 5695 intermittere

202 5731 269 5795 rias,
282 5727 511 5799 lateranensis
524 5726 788 5785 aduersustrisrnnt
802 5746 888 5797 canes,
900 5731 1001 5786 discant
1053 5739 1165 5786 coactus
1180 5740 1232 5787 est.
1247 5729 1283 5785 Δι
1293 5716 1347 5785 “nec
1366 5730 1405 5785 sic
1420 5731 1531 5786 onrrnino
1552 5731 1587 5787 ab
1601 5731 1656 5787 illis
1668 5729 1782 5792 destitit,
1801 5731 1851 5788 sed

202 5835 295 5875 earum
314 5830 463 5888 sectatores,
480 5823 526 5893 gni
547 5831 640 5891 putant
656 5821 803 5877 Ecclesiam
816 5821 903 5877 nullos
917 5822 1003 5894 pbilo·
1054 5836 1104 5892 pro
1115 5820 1247 5891 temporis
1257 5820 1470 5889 opportunitate,
1484 5821 1596 5892 antiqua
1606 5816 1850 5881 Toleti‘iabularis

203 5913 320 5984 septas,
351 5922 375 5971 et
405 5916 569 5987 sloansrues,
597 5913 684 5972 nolles
714 5913 835 5972 lrairsisss
860 5910 1002 5982 Doctores}
1056 5912 1170 5969 scrutari
1186 5912 1257 5983 (quae
1273 5910 1325 5968 sibi
1341 5910 1488 5968 adurcium
1506 5914 1626 5984 prolicua
1640 5906 1725 5967 luitis
1740 5907 1855 5992 letetur)
