4192 6434
216 387 271 447 985

921 380 1024 440 rubet
1043 380 1156 439 ouostt

1813 382 1869 442 ott

215 512 358 558 manorum
371 506 480 568 recepta
495 491 672 552 suntdmteri
684 493 729 566 nui
743 507 776 549 ex
791 492 843 550 hoe
858 493 929 551 bello
945 493 1013 566 lapsi
1027 497 1054 557 Α
1066 493 1193 550 ardentes
1214 492 1296 549 sudes
1321 492 1408 564 sparsi
1429 502 1492 550 snnt
1507 535 1515 562 ‚
1535 494 1675 568 multaque
1690 493 1816 552 incendia
1836 507 1871 549 er

216 594 393 662 oberrabant,
410 605 459 663 per
471 590 626 659 eunrplnres
641 588 723 644 duces
743 587 876 659 trequenti
891 585 1017 658 indagine

217 689 240 721 ¹⁸
263 687 347 742 attriti
367 694 441 740 snnt.
468 686 503 738 Αι
528 697 578 753 rgo
603 683 700 737 iterum
728 695 761 738 ac
783 681 883 753 sapius
903 690 1015 752 repeto,

218 780 446 852 ”numquidnam
457 787 485 833 et
500 774 846 846 lticeomparationeaiiqua
859 783 939 846 egent
950 786 1017 830 teru-

133 897 136 903 ’
217 873 297 946 pora?
307 873 470 941 Quis,rogn,
482 867 575 924 audire
588 867 769 929 uoultorreat.
782 866 931 923 nondieun
944 866 1016 923 bella

217 968 296 1032 talia,
322 965 370 1021 sed
394 963 435 1018 rel
451 961 560 1018 nentina
575 962 597 992 ¹⁸
617 970 690 1016 tauta
710 960 864 1026 bellorum,
885 971 1016 1027 externa,

216 1059 341 1123 servilia,
357 1056 478 1122 socialia,
489 1054 591 1119 civilia,
607 1052 855 1126 lugitivornmuue?
867 1053 888 1086 ¹⁹
908 1068 968 1124 qum
983 1065 1018 1108 ue

219 1152 260 1207 sic
283 1149 393 1221 quidem
417 1146 513 1203 saltem
529 1160 600 1211 sese,
615 1158 645 1201 ut
659 1146 786 1201 commoti
800 1142 884 1200 ruaiis
907 1144 1019 1210 linctus,

220 1236 1019 1314 ’lquamrismolibusmaguis,sequuntur.sednrtdinuedi·

218 1335 309 1392 uersis
328 1333 434 1399 causis,
448 1330 598 1397 urreabulis,
623 1330 729 1398 lorruis,
745 1330 879 1401 malisque
890 1329 1017 1397 excitata,

219 1429 241 1461 ¹¹
253 1436 465 1497 coacervataque
476 1434 651 1482 eutteurrunt.
664 1424 700 1482 ttt
717 1440 733 1481 c
746 1425 868 1496 proximo
885 1433 1018 1496 repetam,

219 1531 248 1578 et
260 1522 360 1578 intanto
380 1521 445 1576 illud
459 1521 558 1575 serrile
574 1527 746 1591 praetereant,
761 1519 951 1589 iugurthinum
965 1518 1021 1575 bel-

220 1616 276 1671 lurn
291 1614 410 1670 noudum
419 1613 507 1669 adbuc
519 1612 553 1668 ab
565 1612 658 1669 dlrico
668 1615 690 1645 '¹
699 1612 872 1681 detonuerat,
882 1613 937 1683 jatu
949 1611 1022 1667 Cirn-

221 1707 325 1764 bricum
336 1722 352 1762 a
363 1705 451 1763 Circio
463 1705 673 1787 inlutiuabatlle
683 1705 830 1762 Cimbricis
842 1706 895 1761 illis
906 1705 1022 1761 nubibus

220 1803 310 1858 adltue
331 1801 529 1871 loedirastiqne
544 1807 680 1856 torrentes
699 1800 776 1856 ellnsi
798 1800 939 1871 sanguinis
958 1815 1020 1870 age·

1068 598 1123 641 uno
1136 583 1229 640 lotuite
1238 583 1414 641 dilluderuut.
1426 584 1491 641 Nam
1502 585 1619 657 Lepidus
1634 595 1663 642 et
1673 584 1769 656 Scipio
1779 586 1806 640 in
1818 583 1872 639 lta-

1068 681 1124 746 lia,
1147 678 1247 735 Brutus
1273 680 1299 736 iu
1322 678 1428 747 Gallia,
1442 679 1587 745 Domitius,
1611 680 1704 736 Ginnae
1730 693 1828 750 gener,
1844 678 1871 735 in
1921 676 1930 685 '

1069 772 1173 841 lllriea,
1187 771 1276 828 Carbo
1288 773 1315 828 iu
1336 771 1452 830 cossura
1467 782 1496 829 et
1513 772 1618 841 Sicilia,
1634 773 1776 844 Perperna
1790 772 1818 828 iu
1829 771 1875 829 Li·

1068 863 1156 934 gutia,
1171 872 1272 936 etpost
1290 879 1351 920 eunt
1363 865 1485 922 Sertorio
1496 865 1523 921 in
1538 865 1680 936 Hispania,
1693 865 1874 937 omniumque

1068 959 1256 1016 atrocissimus
1269 958 1407 1016 Sertorius
1422 960 1449 1015 in
1465 961 1559 1017 eadem
1576 960 1718 1031 Hispania,
1734 960 1794 1016 bate
1810 971 1874 1016 tuuc

1069 1051 1169 1118 ciuilia,
1191 1052 1233 1109 vel
1245 1069 1299 1125 quo
1314 1053 1368 1109 alia
1387 1053 1503 1110 dicenda
1520 1064 1585 1109 sunt
1604 1055 1728 1123 nomine,
1740 1053 1814 1110 bella
1826 1070 1873 1110 er-

1069 1147 1197 1211 citantes,
1209 1145 1243 1200 de
1254 1160 1309 1203 uno
1320 1146 1417 1215 utulta,
1429 1148 1453 1178 ¹³
1466 1146 1500 1203 de
1512 1161 1594 1217 patro
1613 1161 1712 1219 magna
1728 1147 1871 1214 lecerunt;

1071 1235 1172 1308 absque
1185 1236 1239 1292 illis
1252 1237 1506 1293 tribusrastissimis
1517 1238 1677 1310 bellisque
1689 1247 1873 1296 tuucesterna

1073 1332 1251 1399 uocabantur,
1268 1329 1319 1387 boc
1331 1341 1384 1400 est,
1402 1331 1586 1404 l‘arnpbplietn
1602 1332 1781 1388 llaeedonieo
1794 1343 1875 1404 atoue

1076 1423 1237 1493 Dalmatico,
1246 1423 1505 1480 dissintnlatnetiaru
1518 1424 1668 1495 magnoillo
1679 1423 1874 1494 Mithridatico,

1073 1516 1152 1589 longe
1176 1516 1297 1570 munium
1318 1516 1342 1547 ¹⁸
1361 1515 1590 1580 diuturnissimo,
1621 1514 1822 1592 infestissimo,
1846 1531 1877 1573 ae

1073 1608 1326 1666 formidolosissimo
1338 1628 1344 1665 :
1358 1610 1468 1677 deiude,
1486 1610 1575 1666 adbuc
1587 1610 1762 1681 Hispaniensi
1783 1610 1878 1668 Serto·

1075 1701 1152 1759 riano
1170 1702 1291 1759 noudnnt
1307 1701 1393 1768 dnitu,
1406 1704 1490 1758 immo
1511 1703 1570 1773 ipso
1584 1702 1674 1759 adbuc
1689 1703 1800 1759 riveute
1814 1702 1878 1760 Set·-

1076 1794 1156 1861 totin,
1169 1795 1219 1851 boc
1233 1793 1420 1865 lugitivorum,
1432 1804 1460 1851 et
1474 1796 1496 1827 ¹¹
1512 1804 1542 1850 ut
1556 1797 1646 1851 retius
1659 1796 1764 1861 dicant,
1779 1795 1880 1867 gladia·
1909 1869 1914 1877 .

221 1898 331 1964 bantur,
346 1899 402 1968 janu
418 1895 527 1951 socialis
542 1895 565 1928 ²³
580 1896 642 1950 belli
657 1895 739 1967 362
753 1894 865 1951 nebulas
886 1895 912 1948 iu
925 1909 1021 1964 tnagna
1037 1890 1061 1950 ll
1077 1891 1173 1946 toriuut
1197 1889 1298 1945 bellurn
1319 1888 1471 1955 inhorruit,
1490 1889 1547 1961 jam
1574 1906 1628 1946 uon
1657 1891 1681 1922 ¹⁸
1700 1889 1878 1961 spectandum

222 1991 351 2048 continno
363 1990 497 2045 malorum
515 1986 605 2042 nubila
620 1987 757 2057 coituras,
768 1986 867 2042 misera
879 1976 1024 2042 exhalabat

222 2085 309 2141 ltalia.
326 2083 421 2138 Adbuc
434 2096 499 2137 reto
512 2088 572 2151 post
598 2079 731 2135 inbuitant
747 2080 927 2150 crebramque
941 2080 1024 2157 ltaliei

222 2176 288 2231 belli
308 2182 496 2246 tempestatem
519 2172 636 2228 discurri
657 2180 714 2228 tuto
728 2188 776 2243 per
789 2172 893 2227 ltaliam
913 2172 1024 2229 minime

225 2276 332 2339 poterat
346 2285 353 2323 :
368 2267 404 2322 ita
419 2280 514 2321 omues
528 2265 630 2336 absque
646 2264 699 2319 iilis
714 2263 953 2335 periculo-issimis
973 2263 1024 2319 ini-

224 2360 356 2416 micarum
382 2358 488 2413 urbium
503 2355 693 2426 voraginibus,
715 2354 845 2409 dissoluta
869 2369 900 2408 ae
920 2353 1024 2409 lubrica

223 2469 292 2527 pace
303 2452 468 2507 titttltabant:
483 2451 539 2519 jorn
553 2449 605 2504 sibi
618 2449 766 2503 llariununt
779 2456 861 2519 atque
872 2446 1024 2501 Ciunaunat
1049 2455 1053 2461 '

225 2544 311 2599 Roma
327 2540 496 2613 parturiebat
505 2540 653 2605 excidium,
665 2551 691 2594 et
703 2539 777 2595 aliud
787 2556 802 2595 e
814 2540 921 2595 diuerso
930 2540 1026 2596 Oriens

225 2648 306 2707 atque
326 2636 436 2704 banilo,
454 2635 504 2688 ltoe
519 2643 561 2687 est
580 2632 606 2664 ¹⁸
626 2632 836 2688 llitltridaticum
861 2632 1024 2700 minabatur,

226 2727 299 2798 gund
312 2726 421 2799 quidem
443 2725 656 2781 llitltridatictuu
675 2724 893 2795 astrperioribus
907 2735 1026 2796 coepttutn

1076 1983 1181 2053 paneis,
1197 1981 1246 2037 sed
1262 1981 1361 2051 ubique
1376 1982 1562 2038 metuendum.
1578 1981 1655 2051 Quod
1671 1983 1736 2053 quia
1752 1981 1878 2052 lugitivo-

1078 2089 1137 2129 runt
1152 2073 1254 2130 bellurn
1267 2073 1378 2140 dieitur,
1391 2076 1552 2131 nemiuirile
1566 2076 1698 2130 trabeatnr
1709 2091 1746 2131 ea
1760 2076 1877 2133 nomine.

1076 2166 1155 2239 Smpe
1166 2169 1192 2223 iu
1204 2184 1236 2224 eo
1246 2168 1346 2240 singuli
1359 2179 1386 2224 et
1399 2169 1544 2239 aliquando
1557 2169 1636 2225 situul
1651 2183 1715 2225 cum
1730 2169 1880 2241 agminibus

1078 2261 1179 2317 lrtrstra
1193 2261 1297 2331 junctis
1311 2262 1392 2317 ambo
1405 2263 1531 2319 eonsules
1546 2262 1609 2318 victi
1622 2269 1698 2328 sunt,
1716 2262 1879 2333 plurimique

1077 2355 1878 2427 nobilestrucidati.lpsianterulugitiriplusqnameeutum

1078 2450 1161 2505 rniilia
1174 2447 1264 2516 luere,
1280 2449 1326 2520 qni
1345 2450 1408 2506 ensi
1424 2458 1499 2505 sunt.
1517 2449 1556 2504 Er
1570 2462 1624 2518 quo
1640 2449 1835 2517 admonemus,
1849 2458 1879 2505 ut

1078 2542 1134 2613 ipsa
1161 2556 1191 2598 sc
1215 2541 1370 2598 consoletur
1393 2541 1469 2597 ltalia
1484 2541 1518 2597 de
1542 2541 1877 2598 vexationeeaternornnt

1079 2637 1274 2707 presentium,
1318 2650 1367 2707 per
1413 2633 1634 2692 recordationem
1673 2635 1876 2704 praeteritorun

1079 2731 1102 2763 ¹⁰
1117 2745 1150 2785 ex
1166 2744 1195 2784 so
1222 2738 1303 2800 atoue
1330 2729 1357 2785 iu
1390 2744 1442 2794 se;
1471 2738 1499 2784 et
1513 2730 1600 2799 ipsant
1628 2743 1659 2783 se
1673 2727 1873 2800 incontpatabi·

228 2838 311 2893 porro
328 2822 353 2876 in
370 2821 499 2877 ulteriora
517 2820 673 2890 porrigitur.
688 2818 724 2873 lle
740 2819 859 2874 llariana
873 2818 933 2877 lace
947 2836 1028 2893 rogus
1081 2823 1145 2879 liter
1171 2823 1253 2895 363
1276 2822 1413 2879 crudelius
1440 2823 1614 2879 dilaceratam
1636 2824 1746 2880 nouerit
1772 2838 1789 2878 a
1811 2824 1875 2878 suis.

227 2914 346 2971 Sullanae
358 2911 584 2968 eladisaeceusus
594 2911 752 2978 est,deistn
763 2925 829 2982 rogo
843 2910 1028 2969 funestissimo
1084 2916 1268 2985 Quarnobrem
1287 2917 1309 2952 ⁸⁰
1326 2915 1388 2972 buic
1402 2930 1473 2972 unue
1487 2918 1583 2986 ‹puiuto
1597 2916 1730 2971 roluutini
1746 2915 1828 2971 btretu
1841 2914 1876 2969 ie·

228 3008 334 3066 Sullani
347 3018 373 3064 et
387 3006 476 3063 cirilis
494 3005 559 3062 belli
579 3020 627 3075 per
642 3006 773 3078 plurimas
789 3017 923 3063 terrarum
938 3016 1029 3078 partes
1083 3009 1178 3079 ceum,
1195 3017 1224 3064 ut
1236 3007 1309 3064 bella
1322 3009 1413 3065 civilia
1429 3011 1551 3066 externis
1568 3009 1668 3085 ubique
1683 3008 1826 3083 permista,
1838 3006 1874 3063 rel

871 3145 1097 3205 ttutssttcttttrt
1117 3144 1251 3204 NOTAE.‘·

267 3273 312 3331 td.
328 3271 416 3328 Attrita·
426 3278 495 3326 ruat.
510 3268 561 3343 ted,
578 3270 706 3340 August,
717 3267 821 3323 contriti
837 3276 908 3323 aaut.
1043 3269 1296 3341 cantpltitbeatro‚
1312 3271 1339 3325 in
1362 3285 1417 3342 quo
1437 3270 1557 3327 inclusos
1579 3268 1743 3342 depugnare
1769 3267 1873 3324 iuterse

267 3347 312 3402 tt.
327 3343 525 3413 Numquidnam
540 3348 564 3395 at
579 3341 630 3395 bie.
646 3339 731 3410 lugd.
749 3338 808 3396 bat.
824 3355 865 3411 pr.
883 3339 948 3411 legit
961 3341 1028 3407 brec,
1084 3354 1229 3398 cernerent
1244 3341 1408 3415 gladiatores
1424 3343 1517 3399 otiosi.

231 3418 309 3474 lleus
320 3414 394 3470 delet
412 3414 511 3480 utignn.
1119 3412 1165 3469 29.
1179 3412 1315 3482 Errorque
1327 3416 1354 3468 iu
1363 3430 1390 3469 oe
1400 3415 1468 3485 ipsa,
1482 3430 1529 3469 trec
1543 3423 1613 3482 potet
1627 3428 1654 3468 re
1668 3411 1873 3485 incomparabili-

269 3489 313 3542 18.
328 3485 424 3539 Tanta.
443 3481 462 3537 F
466 3485 564 3539 loreut.
580 3497 654 3547 see..
672 3490 814 3536 conterant.
837 3482 908 3547 llor,
925 3495 975 3552 pre
989 3482 1033 3553 [tt-
1084 3492 1123 3539 ιιι·
1138 3485 1289 3540 dilacerari.
1305 3485 1427 3541 blnustra
1452 3486 1576 3541 llerenlis
1600 3484 1644 3539 bie
1656 3484 1763 3538 domui.
1780 3481 1872 3551 Seripti

239 3559 388 3631 gitiuorruu,
401 3554 524 3609 Periaou.
540 3564 566 3608 et
581 3552 656 3608 bleus
668 3562 753 3619 reete,
768 3553 993 3625 fugitivorumque.
1083 3570 1191 3623 munes,
1214 3554 1291 3610 llaec
1305 3564 1382 3628 atquc
1394 3557 1421 3610 iu
1435 3573 1463 3612 rc
1476 3554 1718 3626 incomparabiliter
1737 3554 1875 3609 dilacerar-

271 3628 315 3683 19.
337 3627 400 3693 Qua
421 3641 452 3678 uc
466 3626 503 3678 aie
524 3623 639 3695 guidem.
660 3625 723 3679 diss.
752 3623 807 3678 iere
822 3638 919 3677 ornnes
939 3638 987 3693 pro
1002 3641 1034 3679 rte
1085 3627 1161 3693 tr‘uru,
1178 3628 1276 3696 ortibus
1288 3627 1351 3698 quid
1364 3626 1524 3683 coulnsiusi
1536 3627 1590 3684 Sed
1603 3634 1697 3682 tanuen
1712 3635 1742 3680 nt
1757 3625 1821 3680 mibi
1832 3624 1875 3679 tri·

236 3700 360 3757 scr-ibunt
384 3712 452 3761 noe,·
467 3704 494 3751 at
507 3694 610 3766 arrident
631 3693 725 3748 delent
738 3692 823 3765 Lugd.
843 3694 914 3748 batt.
938 3708 1034 3751 ornnes
1085 3698 1165 3753 bttaur
1181 3697 1290 3764 iecisse,
1307 3713 1430 3770 creatque
1447 3699 1585 3769 incripta
1602 3701 1637 3752 de
1650 3712 1684 3752 aar
1695 3697 1875 3765 autoretate

234 3786 296 3828 cunt
307 3767 376 3825 Coll.
389 3767 487 3827 Grou..
498 3768 561 3821 iteru
574 3781 648 3820 urens
657 3774 685 3820 et
694 3765 819 3821 Periaou.
1085 3769 1152 3838 ipso,
1170 3769 1209 3824 tta
1222 3768 1327 3825 llcnetn
1340 3769 1411 3824 libro
1431 3770 1508 3836 illud,
1525 3786 1570 3824 uec
1586 3779 1655 3839 potet
1666 3786 1704 3832 ae,
1719 3767 1818 3824 nterito
1831 3766 1874 3823 tle-

270 3839 460 3908 iudicaturus.
477 3837 562 3908 Lugd.
578 3837 636 3891 liat.
650 3850 703 3906 pr..
720 3836 871 3901 drautionis.
1086 3838 1148 3895 ben.
1171 3838 1409 3897 Lnnr.-tteneta
1429 3842 1509 3914 (uuas
1534 3838 1660 3911 respicit)
1681 3838 1749 3895 cdd.
1780 3839 1875 3910 legunt,

269 3915 316 3969 at.
331 3912 544 3979 Goaeertrotogtte.
560 3907 606 3964 Sic
620 3905 807 3970 confidenter,
828 3907 886 3961 bate
907 3905 1034 3964 laudante
1086 3920 1207 3982 racotgue
1217 3912 1245 3965 in
1259 3912 1380 3983 seipsaru,
1392 3929 1438 3968 uec
1454 3921 1524 3983 putet
1540 3928 1567 3967 ae
1577 3911 1817 3981 incomparabiliter
1824 3925 1878 3963 crat·

233 3984 393 4044 Paluterio.
420 3982 519 4048 posui,
552 3993 600 4049 pro
626 3977 730 4048 uulgari
748 4019 756 4044 ,
784 3987 957 4049 concanora,
983 3994 1034 4035 nec
1087 3981 1172 4036 delius
1182 3980 1329 4037 dilacerari.
1343 3983 1435 4053 Eantre
1450 3985 1571 4039 omniunt
1583 3989 1650 4038 vett.
1660 3982 1726 4038 edd.
1741 3981 1876 4045 tectioest,

235 4056 325 4111 adltne
354 4051 467 4118 diltido,
504 4051 569 4121 quin
598 4050 644 4105 alii
671 4064 778 4120 ottoque
802 4050 856 4105 sint
884 4050 1033 4116 probaturi.
1087 4063 1267 4122 praeterquam
1281 4054 1327 4110 ed.
1342 4059 1469 4124 August..
1484 4069 1545 4126 qum
1561 4054 1602 4110 sic
1616 4052 1878 4121 damnorumque

234 4126 324 4182 uror.
1086 4124 1114 4178 in
1129 4140 1156 4178 aa
1174 4124 1257 4196 ipsam
1277 4125 1515 4196 incorttpurabiiitrr
1532 4126 1663 4180 crudelius
1685 4124 1878 4180 dilaceratum·

271 4196 316 4249 2⁹2.
344 4191 515 4246 Detonuerat.
536 4189 621 4260 Lugd.
647 4189 704 4243 liat.
725 4205 781 4245 see.
796 4206 856 4245 eunt
873 4191 959 4247 tribus
973 4191 1035 4247 rto·
1087 4210 1207 4260 ruerant,
1233 4212 1293 4266 qum
1317 4213 1427 4269 quoque
1441 4196 1503 4252 cod.
1527 4195 1651 4267 Lotrgub.
1678 4197 1816 4265 scriptura
1829 4202 1877 4255 est,

237 4265 353 4321 retttinis
365 4271 392 4317 et
404 4262 447 4319 ed.
460 4260 529 4331 Aug.
541 4261 644 4330 legunt,
653 4259 861 4332 perdetouuerau
876 4261 948 4330 quod
964 4262 1034 4319 idem
1089 4267 1138 4322 nisi
1155 4266 1228 4337 qttrtd
1243 4282 1342 4337 augeat
1357 4268 1405 4336 tn,
1422 4285 1454 4324 aa
1464 4285 1503 4335 se,
1519 4278 1596 4339 argue
1610 4270 1638 4320 in
1650 4283 1687 4331 se,
1705 4276 1732 4321 et
1752 4268 1835 4334 ipram
1855 4280 1880 4319 se

237 4337 308 4392 relle
319 4334 423 4389 ridetur
436 4332 506 4387 Coti.
520 4332 656 4397 Gauron,
669 4346 730 4386 cum
748 4334 833 4388 tribus
844 4332 954 4405 reliquis
969 4349 1034 4388 nass.
1088 4338 1221 4409 iucomp.;
1237 4352 1325 4409 nenne
1348 4354 1362 4392 a
1380 4339 1502 4410 Longob.
1521 4340 1679 4406 discrepant
1703 4337 1793 4407 bugd.
1811 4336 1877 4391 ban.

239 4407 326 4478 Lngd.
344 4407 428 4472 batt,
441 4403 467 4459 in
479 4403 579 4474 quibus
590 4415 629 4458 est
645 4403 776 4475 perditum
789 4414 905 4471 norernt,
921 4406 963 4460 rel
979 4421 1039 4474 per·
1088 4416 1205 4478 tptatuor
1230 4425 1291 4463 curn
1316 4408 1385 4465 cot.
1401 4410 1522 4466 Gronov.
1538 4420 1566 4465 et
1584 4410 1646 4464 end.
1670 4406 1881 4465 refrenarunt

239 4481 293 4535 dito
312 4486 443 4541 attereret,
462 4477 504 4529 rel
529 4474 645 4544 denique
669 4477 798 4543 perditum
816 4484 940 4531 ntorerot.
962 4476 1036 4532 llcus
1090 4494 1155 4533 rcro
1168 4479 1242 4551 legit,
1257 4496 1289 4535 ea
1301 4499 1328 4535 re
1338 4490 1415 4553 rrtgor
1428 4482 1455 4536 iu
1467 4498 1510 4549 re;
1523 4490 1547 4535 et
1558 4481 1642 4553 ipsam
1655 4498 1681 4535 re
1694 4478 1881 4549 itteotuporaii·

237 4566 303 4605 uero
311 4550 394 4605 codex
404 4543 761 4617 caltibetpertouuerat.llos
774 4553 860 4616 etjam
868 4546 1035 4618 Citnlricrtrrt,
1090 4549 1149 4605 liter
1167 4552 1301 4606 crudettur
1324 4553 1492 4607 dilaceratum
1511 4553 1610 4607 noterit
1625 4570 1642 4605 u
1658 4550 1726 4606 suit.
1740 4550 1809 4618 Quae
1828 4548 1881 4603 salt

237 4619 472 4749 fitquevmi'luanw
487 4625 563 4687 pust,
585 4620 674 4689 etjam
687 4617 791 4671 rorialis
805 4616 865 4672 tettt
884 4618 946 4673 edd.
960 4634 1036 4690 qum·
1091 4621 1157 4676 uuiti
1171 4637 1236 4679 vera
1249 4623 1358 4678 ridetur
1373 4637 1437 4679 esse
1451 4623 1534 4692 lntjtts
1557 4625 1606 4678 loci
1628 4623 1802 4687 emendatio3
1817 4618 1883 4676 laa-

258 4708 312 4748 atu.
349 4701 398 4746 eti.

237 4824 242 4833 ¹
273 4762 320 4821 25.
333 4761 401 4818 Belli
415 4759 533 4828 nebulae,
555 4768 609 4816 ete.
627 4758 702 4830 Virg.
716 4756 828 4816 AEneitl.
845 4774 876 4825 x,
891 4758 963 4817 809:

318 4872 520 4989 SAEnteastuubem
531 4872 601 4936 belli,
614 4872 673 4923 dum
683 4872 797 4938 detonet,
810 4884 910 4923 omnent

338 4951 366 4988 us
378 4950 418 4987 rue
433 4973 439 4985 .

1092 4693 1129 4746 tin
1144 4692 1216 4748 enirn
1232 4708 1401 4763 nequaqnam
1412 4697 1548 4763 plausum,
1562 4708 1642 4762 nuent
1657 4692 1711 4749 sibi
1727 4692 1824 4749 tribuit
1839 4690 1881 4755 do,

1092 4779 1154 4819 natu
1170 4772 1278 4819 caterno
1290 4766 1438 4833 prmaetrtio,
1460 4767 1494 4821 de
1513 4765 1614 4835 quibus
1627 4764 1748 4834 linquitur
1761 4762 1881 4825 Orosius,

1091 4833 1192 4890 debent
1206 4835 1258 4891 sibi
1273 4836 1372 4892 babere
1386 4836 1487 4908 aiiqttid
1501 4838 1668 4906 oppositum,
1682 4834 1759 4907 qnod
1772 4831 1882 4893 deestitt

1092 4904 1224 4961 buntiana
1238 4907 1442 4974 emendatione,
1457 4906 1596 4964 iurenitur
1615 4913 1709 4963 autent
1730 4906 1758 4961 in
1781 4914 1883 4965 nostra.

227 5021 229 5024 .
489 5040 494 5053 ¹
1092 4976 1222 5033 videlicet
1234 4980 1365 5048 preterito
1375 4978 1420 5033 illa
1433 4978 1502 5035 bella
1515 4979 1573 5035 sire
1588 4978 1671 5044 mala,
1686 4993 1720 5033 ea
1733 4993 1762 5033 ae
1776 4976 1883 5045 orontio

272 5045 320 5101 21.
345 5040 562 5098 llitbridatteom.
591 5040 678 5112 Lugd.
704 5041 776 5098 Batt.
805 5050 862 5097 tres
880 5056 942 5098 curu
964 5041 1036 5102 Coll.
1092 5047 1882 5119 ceddbane‹ptronuecntendationeutali-tuidenulerunt.

237 5116 358 5173 Gronov.
371 5112 523 5183 adjungunt
537 5110 644 5168 bellum.
1094 5118 1182 5173 uitiosi
1198 5121 1223 5174 in
1241 5120 1388 5191 prioribus,
1404 5120 1526 5178 Florent.
1541 5136 1598 5177 sec.
1610 5131 1638 5176 ct
1651 5127 1730 5185 tert..
1741 5134 1778 5177 ex
1792 5120 1885 5190 quibus

272 5185 318 5242 115.
333 5183 373 5239 De
386 5200 465 5252 pareo
480 5201 574 5255 magau
594 5188 719 5252 feceruut.
737 5183 808 5241 Ede.
824 5192 904 5252 vett,
920 5185 952 5241 dc
963 5187 1039 5243 utitu-
1093 5203 1149 5245 sce.
1163 5190 1363 5262 (consentiente
1378 5190 1463 5263 Uitr.)
1481 5193 1558 5263 legit,
1575 5201 1701 5257 eaeotuttc
1714 5196 1742 5246 in
1758 5207 1798 5259 tc,
1810 5199 1834 5245 et
1845 5190 1884 5261 ip·

236 5274 279 5312 uto
298 5272 394 5328 magna
417 5258 543 5327 fecerunt.
557 5254 622 5310 blss.
647 5269 754 5323 ornnes,
770 5255 802 5309 de
817 5272 911 5330 rnaguo
925 5274 1038 5332 magum·
1090 5277 1147 5315 auru
1161 5278 1188 5316 re
1201 5262 1437 5330 incomparabiliter
1455 5262 1587 5318 crudelius
1609 5263 1803 5317 dilacerantturt
1819 5265 1886 5335 (cut-

236 5330 336 5385 unicus
348 5327 484 5391 Peritum,
499 5324 532 5380 de
542 5341 636 5396 uraguo
647 5329 748 5398 ruojorn
759 5327 884 5397 feceruut,
900 5336 971 5399 quod
987 5345 1038 5402 ego
1090 5342 1195 5387 rectum
1219 5330 1270 5388 luit
1291 5336 1317 5388 in
1343 5332 1466 5390 Floreat.
1483 5332 1670 5403 dilaceratam)
1682 5350 1795 5389 satorum
1805 5350 1815 5401 ς
1826 5340 1885 5390 tert.

236 5416 294 5469 prat
310 5398 423 5468 reliquis
436 5405 567 5467 prostare
579 5405 656 5465 puto,
667 5413 754 5470 neque
769 5398 976 5468 enimeriguum
989 5402 1038 5458 init
1090 5417 1166 5468 reto,
1184 5415 1307 5474 erantpre
1320 5404 1348 5461 in
1362 5422 1389 5460 at
1402 5415 1425 5459 rt
1440 5406 1524 5478 ipsunt
1534 5421 1562 5462 rc
1571 5404 1816 5473 incomparabiliter
1831 5419 1887 5459 rra·

236 5472 303 5528 illud
316 5471 416 5526 bellum
428 5467 508 5523 cirile
521 5468 579 5522 sire
593 5469 693 5524 sociale
706 5472 835 5541 primurn,
847 5470 919 5525 uude
934 5473 1037 5544 reliqua
1089 5474 1173 5528 «letires
1195 5475 1362 5530 dilaceratam
1378 5475 1604 5550 (superscribitur
1618 5474 1769 5547 repeton)
1779 5474 1884 5531 nouerit.

236 5549 430 5612 provenerunt.
970 5598 972 5605 ,
1089 5543 1230 5601 Fabrieius
1245 5555 1272 5602 et
1290 5546 1400 5604 Scottus
1418 5547 1572 5619 vulgarunt,
1588 5549 1846 5619 praeteriturorum
1860 5560 1887 5601 re

268 5615 316 5672 26.
331 5610 546 5667 Diuturuirrimo.
564 5609 765 5679 Superlatirum
780 5614 851 5669 ltune
864 5614 969 5673 uolunt.
984 5614 1033 5670 sed
1087 5624 1164 5684 otone
1178 5617 1204 5670 itr
1216 5619 1327 5691 reipsam
1339 5619 1578 5690 r'ttcontporobt‘liter
1591 5619 1727 5674 crudelius
1742 5620 1885 5674 dilacerata·

233 5684 355 5740 diuturno
374 5682 507 5746 scribunt,
524 5689 579 5736 tres
600 5682 735 5749 dentone,
754 5690 811 5741 tres
836 5682 923 5755 bugd.
946 5683 1030 5754 Bate,
1088 5688 1163 5742 tiuut.

234 5753 320 5822 ileos,
331 5751 456 5809 Periznn.
470 5761 498 5810 et
508 5752 705 5809 cottdtonor.
1121 5758 1168 5814 30.
1186 5759 1254 5815 llario
1268 5775 1347 5814 none.
1370 5758 1408 5815 lta
1429 5759 1632 5831 legerejnbent
1653 5775 1722 5816 mss.
1744 5762 1881 5831 melioret,

268 5826 314 5883 27.
331 5824 366 5881 Ut
384 5826 469 5881 ocrim
480 5825 576 5880 dream.
589 5825 618 5882 ln
632 5821 753 5879 Floreat.
767 5838 824 5881 sec.
839 5826 916 5882 deest
931 5834 969 5880 ut.
1085 5828 1132 5886 alii
1144 5839 1172 5888 et
1186 5832 1278 5903 rulgg.
1298 5829 1375 5902 edd,
1396 5831 1458 5887 broie
1471 5832 1561 5903 otttnro
1577 5830 1785 5906 totomtntjont.

229 5926 237 5951 a
267 5896 314 5953 28.
326 5896 504 5968 Spectandum
517 5897 618 5968 paucis.
636 5894 690 5953 Per
703 5894 869 5967 uoluptatem
884 5897 990 5956 actitent
1001 5896 1028 5953 in
