4192 6434
287 380 430 440 {155

1256 375 1733 439 ttistottlattuit
1775 374 1983 435 Ltsssstt
2022 374 2140 433 Vll.
2179 374 2332 434 CAP.
2378 374 2604 433 XXXV.

3446 374 3588 435 ¹154

283 511 369 567 pai
387 496 521 551 tium
551 506 768 551 comes:
803 491 893 565 qui
924 506 1047 550 cum
1093 493 1339 565 ignarum
1370 496 1756 567 imperatorem
1782 493 1888 550 cir·
1913 504 1967 566 Α
1992 489 2303 547 Gothorum
2329 528 2345 555 ,
2387 502 2557 560 qnos,
2594 482 2906 557 praemissos
2961 496 2994 539 a
3044 482 3375 554 Theodosio,
3408 486 3590 544 Arbo-

283 588 603 660 cumpositis
630 588 943 659 excepisset
990 587 1230 653 insidiiS,
1278 603 1581 644 conversus
1610 588 1677 641 ail
1727 601 1883 643 reve·

288 681 522 740 rentiam
550 682 837 752 praesentis
860 679 1111 751 Augusti,
1137 695 1244 735 non
1274 680 1451 736 solum
1483 680 1725 750 periculo
1746 679 1885 734 libc-

290 776 452 847 ravit,
483 789 674 832 verum
699 775 863 830 etiarn
909 772 1171 829 instruxit
1202 773 1428 831 auxilio.
1478 778 1548 829 At
1598 773 1687 829 ubi
1720 772 1766 804 ²⁸
1816 770 1883 827 ad

287 871 540 942 contigua
595 867 898 925 miscendae
948 881 1142 938 pugnae
1186 867 1358 936 spatia
1390 875 1720 937 perventum
1777 873 1884 931 est,

286 963 552 1022 continuo
571 975 800 1032 magnus
821 960 910 1016 ille
939 967 994 1015 et
1020 957 1309 1015 ineffabilis
1332 959 1492 1015 turbo
1515 969 1800 1014 ventorum
1830 957 1885 1013 iii

288 1072 385 1114 ora
409 1054 650 1113 hostium
667 1054 796 1110 ruit.
817 1052 1156 1109 Ferebantui·
1177 1053 1223 1083 ²³
1239 1066 1336 1122 per
1353 1066 1477 1107 aera
1499 1049 1703 1121 spicula
1719 1051 1883 1105 inissa

180 1175 191 1184 -
286 1150 336 1183 ²⁸
361 1156 674 1206 nostrornm
705 1161 890 1212 manu,
936 1153 1100 1214 atque
1141 1144 1282 1200 ultra
1324 1158 1630 1199 mensuram
1662 1140 1884 1197 liiiiiiani

286 1242 334 1275 ’⁷
343 1240 524 1314 jactus
541 1240 588 1272 '⁸
606 1254 702 1310 per
730 1252 986 1310 magnum
1015 1234 1175 1292 inane
1200 1244 1432 1307 portata,
1462 1249 1728 1305 nusquam
1762 1246 1886 1303 pro·

285 1333 582 1407 pemodum
609 1332 828 1400 cadere,
872 1331 1185 1402 priusquam
1218 1329 1604 1401 impingerent,
1635 1328 1886 1384 sineban-

285 1436 396 1486 tur.
429 1428 606 1484 Porro
647 1436 825 1482 autem
877 1425 1037 1481 turbo
1073 1424 1360 1479 continuus
1414 1437 1510 1478 ora
1556 1430 1886 1493 pectoraque

286 1518 586 1577 bostium„
615 1534 758 1575 nunc
785 1517 943 1573 illisis
971 1514 1207 1584 graviter
1237 1512 1411 1570 scutis
1435 1512 1482 1544 ⁸⁰
1503 1512 1882 1577 everberabat,

288 1609 448 1684 501
476 1624 620 1667 nunc
641 1608 923 1680 impressis
949 1605 1302 1678 pertinaciter
1322 1605 1365 1637 ⁸¹
1380 1603 1652 1660 obstructa
1670 1602 1888 1659 claude-

286 1702 452 1769 bat,³⁸
479 1718 622 1758 nunc
633 1700 836 1757 avulsis
848 1698 1118 1754 violenter
1130 1697 1387 1754 destituta
1402 1693 1663 1761 nudabat,
1683 1694 1886 1752 ³'nunc

286 1792 555 1864 oppositis
572 1793 775 1864 jugiter
803 1791 857 1846 iii
891 1799 1043 1862 terga
1071 1789 1326 1846 trudebat
1355 1805 1368 1842 t
1401 1788 1508 1844 tela
1531 1788 1694 1843 etiam
1719 1829 1732 1854 ,
1765 1803 1888 1856 quae

286 1885 394 1959 ipsi
417 1886 770 1942 vehementer
791 1882 1143 1947 intorserant,
1167 1890 1394 1952 excepta
1416 1880 1592 1936 ventis
1613 1879 1658 1911 ³⁸
1681 1880 1885 1950 impetu
1917 1902 1966 1964 B

286 1982 567 2053 supinata,
598 1995 663 2037 ac
691 1986 991 2036 retrorsum
1019 1987 1207 2033 coacta
1237 1976 1385 2047 ipsos
1415 1974 1708 2031 infeliciter
1745 1988 1881 2030 con-

286 2072 554 2146 tigebant.
589 2071 879 2142 Prospexit
903 2068 1009 2125 sibi
1034 2069 1285 2124 liunianae
1306 2066 1658 2123 conscientiae
1682 2081 1880 2138 pavor:

285 2182 415 2226 nain
439 2166 700 2223 continuo
721 2180 875 2233 sese,
902 2178 1063 2235 parva
1091 2177 1313 2219 suorum
1338 2177 1502 2217 mauu
1526 2160 1666 2227 susa,
1686 2160 1884 2217 victori

286 2258 600 2317 Theodosio
652 2257 868 2314 liostilis
914 2255 1209 2325 prostravit
1261 2254 1563 2312 exercitus.
1612 2254 1884 2325 Eugeiiius

287 2362 479 2424 captus
523 2361 689 2423 atque
737 2350 1060 2409 interfectus
1093 2357 1200 2408 cst.
1251 2347 1581 2420 Arbogastes
1608 2349 1656 2381 ⁸³
1680 2363 1776 2405 sua
1825 2365 1885 2407 se

287 2461 455 2503 manu
486 2444 739 2517 perculit.
780 2443 858 2498 lta
897 2451 953 2499 et
990 2442 1080 2499 liic
1103 2442 1334 2498 duorum
1377 2441 1642 2514 sangnine
1681 2441 1886 2497 bellum

287 2537 453 2598 civile
480 2537 527 2570 ⁸⁶
557 2539 880 2595 restinctum
907 2542 1023 2607 cst,
1055 2536 1262 2609 absque
1297 2535 1405 2594 illis
1427 2535 1618 2593 deceni
1650 2537 1889 2595 millibus

1989 594 2175 657 gastcs
2201 583 2420 640 delesse
2464 580 2707 639 funditus
2754 581 2945 648 fertur,
2998 594 3137 651 quos
3187 579 3373 652 utique
3411 580 3594 652 perdi·

1994 675 2143 731 disse
2171 675 2384 731 lucrum
2412 681 2471 730 et
2502 671 2644 729 vinei
2678 669 2901 727 vincere
2934 670 3058 727 l'uit.
3089 668 3206 726 Noti
3256 670 3457 726 insulto
3487 672 3592 727 ob-

1988 767 2375 826 trectatoribus
2408 766 2628 823 nostris.
2657 764 2834 822 Unum
2865 763 3086 835 aliquod
3130 762 3199 819 ab
3245 763 3403 819 initio
3432 762 3593 821 lli-bis

1986 862 2224 918 conditae
2261 861 2470 918 bellum
2500 858 2778 930 proferant
2801 898 2817 926 ,
2849 866 2956 913 tam
2985 858 3071 928 pia
3098 856 3427 914 necessitate
3460 872 3589 913 sus·

1988 962 2241 1025 ceptuin,
2284 963 2393 1009 tani
2434 951 2617 1009 divina
2649 952 2908 1009 felicitate
2936 950 3281 1016 consectum,
3326 959 3437 1006 taiu
3475 951 3589 1008 cle·

1987 1044 2160 1102 niciiti
2189 1046 2523 1116 benignitate
2564 1043 2834 1116 sopitum,
2884 1042 2973 1098 ubi
3015 1057 3118 1099 nec
3164 1055 3338 1115 pugna
3369 1057 3590 1114 gravem

1988 1139 2228 1205 caedeni',
2266 1153 2367 1195 nec
2411 1138 2644 1195 victoria
2680 1143 2963 1193 cruentam
3008 1135 3253 1207 exegerit
3279 1134 3542 1192 ultionem
3574 1153 3589 1192 ε

1991 1239 2049 1288 et
2073 1231 2307 1289 sortasse
2354 1230 2654 1290 concedam
2681 1271 2697 1298 ‚
2724 1240 2785 1288 ut
2827 1246 2936 1287 non
2983 1229 3103 1286 lime
3135 1229 3261 1287 tidei
3286 1229 3589 1287 Cliristiaui

1989 1323 2147 1381 ducis
2175 1339 2436 1382 concessa
2487 1322 2798 1391 videantur,
2845 1322 3091 1395 quamvis
3131 1337 3235 1394 ego
3278 1321 3386 1379 hoc
3434 1322 3592 1379 testi-

1992 1416 2178 1473 monio
2221 1432 2332 1472 non
2380 1415 2647 1484 laborem,
2676 1414 2895 1487 quando
2941 1428 3080 1470 unus
3107 1429 3175 1470 ex
3220 1413 3355 1484 ipsis
3382 1456 3397 1481 ,
3432 1422 3592 1485 poeta

1991 1507 2211 1578 quidem
2246 1508 2514 1576 eximius,
2565 1506 2662 1564 sed
2721 1520 2963 1579 paganus
2999 1504 3473 1576 pervicacissimus
3499 1548 3514 1573 ,
3544 1505 3590 1537 ⁸⁷

1990 1599 2304 1671 huiusmodi
2356 1599 2605 1657 versibus
2637 1609 2694 1656 et
2729 1601 2843 1656 Deo
2870 1605 2929 1656 et
2969 1597 3180 1654 homini
3219 1597 3593 1656 testimoninm

1995 1692 2149 1764 tulit,
2183 1691 2379 1765 quibus
2404 1692 2522 1748 ait:
3245 1718 3296 1765 ῃ.

2120 1872 2160 1921 Ο
2182 1871 2381 1921 nimium
2405 1870 2591 1923 dilecte
2615 1869 2753 1922 Deo!
2782 1871 2826 1905 ⁸⁸
2851 1870 2942 1923 tibi
2968 1871 3145 1923 militat
3168 1869 3348 1933 aether,

2116 1931 2182 1984 Et
2203 1932 2441 1996 conjurati
2462 1935 2668 1985 veniunt
2690 1933 2751 1982 ad
2773 1932 2977 1985 classica
3000 1935 3154 1987 venti.

1996 2080 2158 2153 562
2187 2079 2267 2138 lta
2288 2080 2503 2139 coelitus
2525 2079 2826 2153 judicatum
2855 2089 2942 2139 est
2978 2080 3124 2139 inter
3153 2089 3359 2154 partem
3381 2123 3396 2146 ,
3426 2080 3590 2139 etiarn

1994 2177 2116 2230 sine
2147 2173 2405 2245 proesidio
2438 2173 2721 2231 bominum
2753 2173 2823 2231 de
2855 2174 2975 2231 solo
3004 2175 3116 2231 Deo
3146 2173 3424 2231 liuiiiiliter
3463 2188 3590 2245 spc-

1994 2276 2204 2324 rantem
2228 2308 2244 2334 ,
2273 2278 2331 2324 ct
2363 2276 2574 2339 partem
2617 2268 3065 2340 arrogantissime
3111 2267 3180 2324 de
3210 2268 3420 2322 viribus
3458 2266 3596 2332 suis,

1996 2368 2054 2417 et
2100 2360 2172 2416 tie
2216 2359 2379 2416 idolis
2430 2368 2876 2430 praesumentem.
2903 2359 2948 2393 ⁸⁹
2976 2358 3318 2415 Theodosius
3364 2367 3543 2414 autem
3573 2398 3590 2424 ,

1988 2452 2292 2522 composita
2322 2451 2781 2524 tranquillataque
2820 2450 3124 2523 republica,
3150 2450 3291 2521 apud
3332 2449 3591 2507 Mediola-

1990 2560 2121 2603 num
2150 2545 2481 2605 constitutus
2501 2587 2518 2616 ,
2554 2547 2702 2605 diem
2732 2545 2892 2603 obiit.

1573 2718 2026 2783 uAVERCAMPt
2065 2725 2301 2785 NOTAE.

360 2886 454 2941 2⁴.
489 2882 570 2940 Aa
622 2883 866 2955 contigua
913 2880 1192 2936 miscenam
1220 2894 1408 2952 paona?
1459 2880 1650 2951 spatia.
1683 2880 1757 2935 lta
1790 2881 1889 2939 Pc-

286 2957 465 3014 rizon.
495 2966 550 3012 et
577 2953 747 3020 Liigd.
783 2955 900 3008 Bat.
926 2960 1054 3008 tert.
1073 2967 1196 3008 cum
1218 2951 1360 3007 Coll.
1384 2950 1629 3008 Gronov.
1664 2951 1883 3026 Vulgg„

286 3028 643 3091 imniscaiidoe;
678 3025 921 3081 Floreat.
945 3038 1085 3092 sec.,
1117 3024 1172 3077 in
1191 3024 1437 3077 continua
1466 3022 1811 3078 inmiscenda.

359 3097 451 3153 25.
483 3097 591 3152 Per
615 3113 763 3152 aera.
796 3096 889 3151 Sic
918 3096 1125 3150 malunt
1153 3108 1287 3149 iuss.
1316 3108 1476 3164 quam
1508 3109 1699 3149 aciem.

361 3169 453 3225 26.
489 3169 803 3223 Nostrorum
855 3182 1031 3220 maini.
1106 3163 1258 3221 llaud
1309 3165 1573 3221 inutiliter
1609 3174 1883 3234 postrema

289 3255 426 3300 voce
448 3254 673 3297 sensum
705 3245 868 3308 anget
894 3235 1015 3292 cod.
1052 3235 1328 3303 perizon„
1359 3248 1391 3289 a
1416 3235 1597 3307 vutgg.
1633 3236 1808 3292 abest.

362 3311 454 3367 27.
477 3310 685 3366 lactan.
713 3309 942 3376 Quidam
972 3321 1133 3373 mss,
1154 3307 1309 3364 ictus.

361 3383 456 3439 28.
487 3381 593 3438 Per
613 3396 861 3455 mayniim
909 3379 1068 3433 inane
1097 3387 1322 3449 portata.
1351 3376 1546 3433 Coloii.
1604 3387 1661 3434 et
1710 3378 1878 3435 editi:

289 3470 451 3509 maiia
491 3454 547 3507 iii
577 3469 698 3507 aere
717 3458 1001 3521 reportata,
1030 3450 1324 3519 exquibus
1370 3448 1554 3504 verbis
1594 3447 1883 3520 legendum

293 3523 431 3583 illud
460 3524 651 3593 collegi
684 3542 698 3577 ε
730 3521 958 3589 simale,
993 3520 1226 3576 aliorum
1251 3529 1371 3577 esto
1392 3518 1679 3590 judiciuin.
1709 3521 1884 3577 Lite-r.

290 3625 368 3640 -
388 3594 529 3652 Editi
562 3603 693 3652 vett.
721 3606 1402 3663 onines,oinnesqueqiios
1425 3590 1698 3657 consului,
1727 3608 1884 3661 mss„

293 3683 387 3742 per
428 3682 674 3738 inaquam
723 3666 880 3719 inane
921 3669 1129 3736 portata
1172 3663 1453 3719 exhibent.
1498 3660 1652 3717 Unde
1692 3666 1885 3732 miror,

294 3737 441 3794 unde
463 3736 739 3793 Fabricius
765 3747 822 3791 et
844 3736 1068 3791 Scottus
1109 3734 1344 3791 babeant
1366 3748 1524 3787 mana
1551 3732 1604 3786 in
1629 3748 1747 3790 aere
1775 3737 1890 3805 (sic

291 3810 441 3868 enim
469 3824 496 3862 a
540 3808 609 3863 ud
638 3807 759 3862 illus
786 3805 1008 3877 legitur)
1042 3816 1270 3877 portata.

364 3879 457 3937 29.
483 3822 640 3935 letina
687 3878 836 3933 illisis
885 3877 1106 3948 praviter
1155 3878 1330 3932 scutis.
1366 3876 1447 3933 lta
1492 3890 1709 3944 omncs,
1753 3891 1890 3947 quos

292 3948 567 4013 consului,
597 3963 729 4006 mss.
748 3987 764 4013 ,
797 3957 858 4003 ut
882 3955 938 4003 et
965 3945 1055 4005 ed.
1083 3949 1255 4019 Aug.;
1285 3958 1339 4005 at
1359 3947 1568 4019 vulgg„
1597 3965 1734 4003 nunc
1758 3948 1887 4020 iuis,

290 4020 439 4095 quod
467 4020 629 4077 valde
653 4020 925 4087 displicet.

366 4092 458 4150 50.
490 4090 862 4147 Everberabat.
894 4089 1023 4145 Mss.
1050 4088 1294 4163 quidam,
1318 4091 1637 4147 verberabat.

367 4165 458 4222 5¹.
493 4162 771 4219 Obstructa
800 4161 1090 4216 claudebat.
1135 4162 1344 4219 Sensus
1371 4173 1454 4219 est
1476 4204 1493 4231 ,
1528 4159 1743 4218 turbine
1783 4162 1892 4219 isto

289 4235 576 4294 nonnullis
605 4251 672 4290 cx
720 4233 958 4289 bostium
991 4247 1219 4289 numero
1263 4243 1417 4290 scuta
1466 4244 1576 4289 tam
1619 4233 1893 4289 violenter

289 4307 360 4363 ad
387 4315 603 4378 pectora
633 4315 796 4376 atque
841 4318 935 4359 ora
978 4305 1245 4373 impressa
1276 4306 1464 4374 luisse,
1500 4313 1561 4362 ut
1584 4304 1673 4360 vix
1704 4304 1890 4375 respi-

289 4377 453 4437 randi
481 4377 738 4434 dederint
767 4374 1104 4432 facultatem.

368 4449 460 4505 5⁹2.
504 4447 664 4504 Nunc
709 4447 919 4502 avulsis.
950 4446 1087 4503 Cum
1141 4447 1351 4502 scilicet
1394 4446 1609 4503 turbine
1659 4462 1806 4503 saevo
1859 4459 1893 4502 e

290 4519 555 4578 manibus
578 4519 941 4589 eriperentur,
969 4517 1057 4573 vel
1086 4516 1160 4572 ita
1190 4517 1632 4585 reflecterentur,
1662 4528 1721 4573 ut
1749 4516 1890 4573 nuda

290 4591 484 4649 hostes
509 4590 821 4646 vulneribus
850 4603 945 4645 ora
977 4590 1306 4658 praeberent.

1913 3306 1960 3371 C

1994 2884 2063 2942 Et
2094 2886 2169 2943 ita
2194 2887 2417 2959 quidem
2445 2887 2701 2961 leguntur
2742 2888 2796 2946 lii
2824 2904 3018 2948 versus
3061 2889 3204 2963 apud
3229 2889 3589 2948 Claudianum

1992 2956 2063 3013 de
2090 2974 2149 3013 iii
2197 2959 2484 3016 consulatu
2532 2960 2759 3017 lionorii
2802 2977 2884 3017 vs.
2918 2962 3025 3031 96,
3057 2962 3165 3020 nisi
3194 2962 3341 3035 quod
3378 2962 3450 3020 ibi
3489 2978 3591 3035 pro

1991 3028 2131 3100 [adit
2160 3030 2217 3087 in
2245 3030 2354 3087 line
2378 3045 2570 3088 versus
2595 3033 2757 3103 primi
2783 3076 2798 3102 ,
2831 3034 2942 3091 sit:

2647 3212 2735 3265 Cui
2757 3211 2916 3265 fundit
2940 3212 3003 3265 ab
3024 3214 3196 3275 antris,
3222 3218 3321 3266 etc.

1989 3380 2217 3439 Orosius
2250 3390 2429 3440 tamen
2461 3381 2595 3439 milii
2623 3382 2840 3441 videtur
2876 3384 3121 3442 noluisse
3153 3382 3444 3440 admittere
3469 3398 3595 3454 pro·

1990 3463 2112 3524 pter
2153 3456 2487 3510 mentionem
2542 3454 2731 3524 AEoli,
2776 3455 2865 3512 dei
2916 3457 3140 3528 pagani,
3180 3455 3432 3525 adeoque
3462 3469 3597 3511 con-

1992 3524 2471 3582 traxisse‘versuS.
2504 3526 2644 3582 Sunt
2672 3541 2809 3582 mss.
2838 3527 2894 3583 iii
2927 3527 3130 3599 quibus
3162 3526 3362 3596 legitur
3399 3527 3468 3581 ad
3497 3528 3597 3581 hii·

1991 3596 2212 3651 minima
2236 3597 2455 3652 classica
2483 3598 2617 3653 venti·
2634 3638 2649 3667 ,
2683 3612 2750 3654 ex
2792 3596 2989 3671 quibus
3018 3612 3123 3654 vox
3153 3598 3313 3670 prior
3340 3612 3411 3655 cx
3442 3598 3592 3654 varia

1991 3666 2230 3724 lectione
2264 3679 2392 3723 nata
2423 3677 2528 3724 est.

2064 3738 2157 3795 59.
2210 3738 2529 3795 Theodosias
2566 3748 2765 3795 autem.
2829 3738 3278 3797 victoriosissimi
3332 3738 3493 3809 liujus
3540 3748 3597 3796 et

1991 3824 2122 3865 vere
2133 3807 2586 3866 christianissimi
2605 3809 2954 3880 imperatoris
2976 3810 3247 3879 subjicere
3265 3810 3418 3866 lubet
3436 3827 3595 3866 nuin-

1993 3895 2143 3936 muin
2173 3894 2401 3935 aureum
2425 3920 2440 3946 ,
2473 3882 2562 3950 qni
2593 3882 2865 3953 quondam
2894 3881 3105 3937 exstitit
3130 3879 3185 3935 in
3206 3894 3395 3936 museo
3420 3881 3591 3937 Marc-

1993 3948 2179 4030 kiaxiio.
2206 3950 2261 4006 lii
2290 3958 2445 4021 parte
2467 3951 2588 4021 ejus
2612 3953 2889 4009 anteriore
2923 3949 3168 4008 cernitur
3198 3951 3382 4024 imago
3411 3951 3590 4008 Theo-

1994 4021 2136 4078 dosii
2168 4030 2392 4092 pectore
2436 4030 2622 4091 teiins,
2656 4021 2846 4079 dextra
2896 4037 3093 4078 manus
3132 4021 3424 4093 spiculum,
3457 4022 3592 4078 laeva

1993 4093 2246 4165 clypeum
2268 4135 2283 4161 ,
2312 4093 2580 4163 equestris
2621 4093 2991 4163 expeditionis
3019 4104 3147 4165 typo
3179 4094 3473 4165 signatum,
3508 4103 3593 4149 te·

1995 4175 2121 4231 net;
2154 4174 2345 4235 pectus
2374 4166 2635 4231 thorace,
2686 4174 2852 4235 caput
2892 4173 3166 4237 gemmata
3205 4163 3421 4221 casside
3459 4166 3595 4235 tegi·

1997 4244 2106 4300 tiir,
2157 4235 2416 4291 scribitur
2453 4237 2508 4291 in
2548 4235 2818 4293 circuitu:
2853 4236 3107 4291 Dominus
3154 4235 3340 4291 Noster
3378 4234 3596 4292 'riti-:0-

1995 4305 2242 4362 Dostus
2268 4306 2391 4362 l’i‘as
2419 4306 2571 4363 Felix
2593 4305 2910 4364 AVGastiis.
2938 4309 3022 4363 Ab
3048 4307 3220 4363 altera
3250 4314 3406 4377 parte
3439 4307 3597 4363 sedet

1993 4376 2144 4432 Nova
2173 4376 2347 4433 Roma
2375 4377 2480 4432 :ad
2513 4377 2699 4447 pedes,
2745 4378 3037 4434 maritimae
3082 4378 3344 4448 potentiae
3371 4377 3595 4447 symbo-

1995 4446 2132 4514 lum,
2163 4461 2324 4517 prora
2348 4449 2485 4503 ratis
2511 4462 2636 4502 cum
2665 4448 3041 4517 gubernaculo
3064 4448 3434 4518 coiispicitur;
3463 4446 3598 4503 dcx-

1996 4527 2077 4573 tra
2129 4518 2373 4580 bastani.
2413 4518 2549 4573 laeva
2597 4517 2973 4587 victoriolain,
3024 4519 3189 4589 globo
3235 4517 3585 4587 impositam,

1995 4599 2169 4645 tenet.
2218 4586 2524 4645 Concordia
2555 4588 2847 4645 Theodosii
2877 4599 2935 4645 et
2978 4588 3196 4645 Arcadii
3245 4586 3351 4643 bac
3393 4587 3593 4644 inscri-

366 4665 458 4746 55:
488 4660 642 4716 Nunc
664 4660 936 4733 oppositis.
961 4658 1188 4727 Quando
1207 4673 1398 4715 arcere
1417 4658 1524 4715 vim
1545 4657 1890 4743 tempestatis
1919 4688 1970 4750 D
1995 4658 2181 4731 ptione
2214 4652 2488 4728 laudatur,
2535 4658 2930 4743 poacotth
2972 4658 3377 4741 AVGiiitorani.
3425 4658 3595 4742 Num-

292 4749 329 4792 a
352 4734 497 4791 l'acie
519 4732 756 4801 vellent,
781 4730 1111 4801 opponendo
1137 4740 1293 4786 scuta
1313 4770 1327 4796 ,
1355 4730 1547 4786 eadein
1576 4747 1628 4785 vi
1660 4731 1890 4786 turbinis
1996 4745 2149 4799 iiius,
2172 4740 2230 4787 ut
2257 4744 2324 4786 ex
2352 4731 2754 4803 subscriptione
2780 4742 2969 4804 patet,
2999 4730 3483 4802 Constantinopoli
3516 4743 3591 4787 si·

291 4806 353 4863 in
386 4815 540 4877 terga
571 4804 1056 4876 prosternebantur
1087 4799 1282 4859 iisdem
1313 4800 1514 4858 milites
1536 4843 1554 4869 ,
1587 4802 1678 4873 qui
1707 4810 1894 4873 gesta-

291 4876 458 5006 baffi..
500 4947 713 5021 Impeta
752 4945 1018 5018 supinata.
1049 4945 1298 5002 Floreat.
1342 4941 1483 5011 duo,
1515 4943 1712 5014 impeta
1750 4943 1899 5014 sapi·

294 5028 458 5149 augg.
491 5090 606 5148 Siia
650 5106 706 5147 re
743 5105 921 5147 manu.
965 5087 1098 5146 Hss.
1126 5089 1366 5159 aliquot,
1410 5103 1510 5143 aaa
1560 5102 1669 5143 sese
1694 5100 1855 5142 martii
1879 5125 1897 5155 ,

290 5162 379 5222 vel
404 5179 513 5219 sese
536 5178 631 5217 sita
657 5178 836 5215 maiia.

363 5234 458 5293 56.
482 5232 806 5290 Ratinctam
831 5240 924 5287 eat.
953 5230 1125 5303 Lugd.
1147 5231 1270 5289 Bat.
1295 5245 1406 5302 pr.‚
1430 5230 1743 5287 exstinctum
1769 5228 1892 5301 (sed

291 5305 720 5390 superscribitur
744 5304 1080 5368 restinctum)
1120 5311 1217 5360 eat.
1263 5301 1401 5360 Edd.
1450 5300 1702 5374 quoedam
1728 5307 1890 5367 vett„

292 5386 595 5433 restrictam
623 5385 719 5431 est.

363 5449 456 5533 5⁷:
491 5446 816 5522 Hujusmodi
863 5447 1115 5504 versibus.
1165 5445 1297 5503 Mss.
1340 5444 1581 5517 aliquot,
1632 5442 1890 5517 ejiismocti

290 5520 609 5720 ”ssssf‘rtti
639 5589 828 5646 militat
856 5590 1038 5647 aetlier.
1069 5589 1130 5647 ln
1155 5589 1636 5662 edit.'Aiigustana
1665 5585 1786 5644 liaec
1811 5586 1891 5643 le-

289 5677 401 5738 gun
430 5679 523 5724 ur:

419 5778 462 5831 Ο
476 5779 706 5839 ‚nimirum
723 5777 908 5828 dilecte
929 5775 1058 5838 Deo,
1084 5778 1165 5829 cui
1183 5776 1308 5830 tudtt
1326 5775 1390 5829 ab
1411 5774 1558 5827 astris

419 5841 590 5892 AEotus
610 5845 822 5891 armatas
843 5841 1058 5900 hiemes,
1081 5839 1171 5890 tibi
1192 5839 1370 5891 militat
1392 5838 1573 5902 aetlter,

417 5903 482 5958 Et
501 5903 738 5968 conjurati
758 5904 968 5956 veniunt
988 5902 1051 5955 ad
1070 5900 1271 5956 classim
1294 5901 1449 5955 venti.

1998 4812 2193 4875 gnatus
2222 4812 2326 4860 est.
