4192 6434
215 374 270 435 695
914 366 1018 428 unum
1037 366 1151 428 onusti
1816 365 1870 429 obt

217 488 360 563 panaginta
375 487 508 562 quinque,
524 488 552 544 in
574 484 630 544 lato
650 484 736 542 millia
751 497 881 557 passuum
895 492 1003 540 centum
1029 481 1343 555 quotennal’acbyno
1354 482 1381 540 in
1397 480 1547 557 Lilybaeum
1568 482 1605 517 ¹¹⁰
1632 491 1743 541 centum
1759 493 1872 555 septua-

218 582 460 655 vigintiquinque.
476 579 566 637 insula
581 580 663 637 Creta
673 578 765 635 [initur
779 578 814 635 ab
829 580 936 635 oriente
949 576 1017 634 Car·
1068 576 1143 647 qima
1156 584 1271 646 septem.
1295 575 1360 632 llaec
1372 576 1406 632 ab
1421 577 1527 632 oriente
1543 576 1663 648 cingitur
1678 577 1747 632 mari
1775 575 1872 632 Adria·

215 675 313 747 patbia
324 674 402 739 mari.
417 675 451 728 ab
463 688 562 730 occasu
573 686 601 729 et
613 673 802 743 septentrione
816 668 1015 738 maritimum,
1072 673 1138 739 tica,
1150 670 1285 728 anteridie
1296 671 1364 727 mari
1379 670 1481 743 birico,
1492 671 1564 742 qaod
1579 680 1622 728 est
1635 679 1728 728 contra
1744 670 1871 728 Snbuen·

219 769 285 823 ¹⁰⁷a
312 767 427 825 meridie
450 766 519 823 mari
549 764 672 838 Libyco,
695 764 768 834 quod
796 773 825 820 et
848 763 1018 819 Adriaticum
1072 775 1151 821 tanos
1165 770 1193 822 et
1205 763 1301 836 Syrtes
1325 764 1515 821 minoreszab
1541 764 1684 822 occidente
1710 774 1740 820 et
1764 773 1876 835 septen·

220 869 323 917 uocant
337 860 391 915 :¹⁰⁸
404 858 488 915 babet
506 858 533 914 in
554 859 636 929 longo
651 858 737 913 miliia
758 868 888 928 passuum
910 864 1019 913 ceritum
1073 857 1162 915 trione
1175 858 1256 916 babet
1274 872 1352 915 mare
1366 858 1537 933 Tyrrbennm
1563 878 1569 912 :
1593 874 1608 914 a
1633 859 1715 915 borea
1729 860 1764 891 ¹¹¹
1791 874 1876 930 usqae

220 953 392 1025 septuaginta
419 952 485 1020 duo,
511 949 538 1007 in
563 951 618 1006 lato
643 950 849 1023 quinquaginta.
871 948 905 984 ¹⁰⁹
920 947 1021 1005 insuite
1073 952 1259 1020 subsolanum,
1275 952 1374 1010 laetum
1391 951 1659 1021 Adriatieamquod
1678 952 1778 1010 diuidit
1802 951 1875 1008 Tau·

221 1049 369 1122 Cyclades,
385 1062 500 1120 quarum
518 1055 561 1104 cst
583 1045 619 1104 ab
638 1047 745 1103 oriente
766 1045 854 1117 prima
868 1042 1021 1112 Rbodos,tt
1075 1047 1264 1104 romenitanos
1277 1047 1391 1117 Siciliae,
1407 1047 1565 1103 ctbrattins
1580 1045 1678 1102 ltalia.
1698 1045 1829 1102 Sardinia
1851 1053 1878 1104 et

222 1141 412 1214 septentrione
426 1138 566 1206 Tenedos,
580 1154 595 1194 a
610 1136 728 1196 meridie
742 1135 906 1208 Carpathos,
920 1135 956 1191 ab
976 1147 1023 1191 ou·
1075 1139 1188 1204 corsica
1199 1139 1287 1195 insula
1302 1154 1387 1210 parto
1401 1139 1481 1204 iacto,
1503 1139 1555 1194 boc
1577 1148 1630 1204 est,
1644 1141 1680 1173 ”¹
1702 1138 1819 1195 millium
1840 1138 1879 1194 ti·

222 1250 288 1292 casu
302 1233 434 1307 Cytltera,
450 1233 485 1289 ab
504 1233 610 1288 oriente
630 1231 762 1286 liniuntur
776 1229 916 1286 littoribus
939 1228 1022 1295 Asia,
1075 1230 1155 1302 qimi,
1175 1230 1336 1285 diuiduntur
1353 1245 1404 1285 :ex
1419 1232 1519 1301 qnibns
1534 1230 1658 1287 Sardinia
1670 1230 1783 1287 bobeta
1800 1231 1878 1288 meri-

149 1318 153 1325 ’
228 1330 265 1386 ab
293 1326 436 1384 occidente
451 1327 485 1358 ¹¹⁰
504 1327 571 1382 mari
595 1324 692 1396 icario,
709 1339 724 1379 a
744 1324 932 1396 septentrione
955 1320 1025 1377 mari
1077 1322 1123 1379 die
1137 1331 1233 1379 cantra
1247 1321 1403 1378 Numidiam
1417 1323 1453 1355 ¹⁸³
1468 1320 1639 1379 Caralitanos
1653 1342 1660 1380 a
1676 1334 1772 1380 contra
1784 1324 1878 1381 Corsi-

227 1420 382 1493 AEqaeo‚a
416 1418 531 1476 meridie
556 1419 624 1474 mari
651 1417 808 1489 Carpatbio.
835 1416 905 1473 Sunt
931 1421 1026 1470 autem
1078 1430 1137 1472 eant
1152 1415 1281 1484 insulam,
1296 1415 1412 1483 incest,
1427 1417 1645 1488 septentrionem
1663 1431 1774 1485 uersus,
1801 1416 1880 1474 babet

225 1527 323 1569 omnes
353 1509 486 1584 Cyclades
520 1525 634 1568 numero
660 1512 693 1542 ¹¹¹
721 1510 919 1583 qninquaginta
958 1516 1026 1563 tres.
1082 1509 1229 1566 Ulbienses
1247 1508 1347 1579 :craias
1374 1508 1449 1563 min
1479 1508 1561 1580 longo
1587 1507 1642 1582 34
1668 1510 1787 1578 spatium
1812 1516 1882 1565 tenet

224 1603 320 1677 33¹³
329 1603 477 1660 Haetencnt
491 1604 700 1675 aseptcntrione
712 1604 739 1659 in
752 1598 1028 1659 meridicm¹¹¹millia
1080 1601 1165 1657 millia
1183 1615 1311 1671 passuum
1327 1602 1363 1633 ²¹³
1376 1600 1492 1657 ducenta
1506 1601 1629 1672 triginta,
1645 1602 1672 1657 in
1684 1602 1739 1656 lato
1752 1602 1839 1658 millia
1848 1603 1882 1636 ¹¹⁸

224 1710 354 1769 passuum
369 1695 576 1767 quinquaginta,
591 1695 626 1751 ab
636 1695 743 1751 omenta
756 1696 782 1752 in
799 1708 927 1752 occasum
942 1692 1030 1748 millia
1081 1693 1197 1750 ducenta
1209 1695 1357 1764 octoginta.
1375 1692 1437 1749 llaec
1449 1693 1530 1749 babet
1544 1692 1579 1748 ab
1594 1692 1703 1750 oriente
1714 1694 1750 1726 ”¹
1763 1704 1793 1751 et
1807 1710 1824 1751 a
1839 1696 1884 1751 bo·

228 1790 357 1847 ducenta.
369 1790 462 1848 Sicilia
477 1791 567 1846 insula
578 1794 628 1845 tria
644 1789 725 1847 babet
736 1788 933 1861 promontoria,
946 1800 1030 1842 unum
1083 1800 1128 1841 rca
1140 1784 1355 1858 ¹¹⁰tyrrbennrn
1371 1799 1456 1852 mare,
1470 1784 1542 1855 quod
1557 1794 1663 1854 spectat
1676 1785 1710 1840 ad
1723 1786 1758 1819 ’¹’
1776 1796 1884 1855 portum

227 1882 301 1954 quod
326 1882 429 1938 dicitur
448 1881 484 1914 ‘¹⁸
507 1881 646 1948 Pelorum,
662 1891 691 1937 ct
703 1882 740 1914 ¹¹³
753 1880 850 1953 aspicit
872 1878 907 1934 ad
920 1877 1030 1950 aquilo·
1045 1875 1160 1949 Burbis
1171 1876 1266 1934 Romae
1281 1894 1288 1930 ε
1303 1876 1338 1931 ab
1348 1890 1448 1933 occasu
1462 1891 1538 1932 mare
1550 1876 1680 1943 Sardum,
1693 1878 1729 1932 ab
1739 1877 1837 1935 Airico
1847 1880 1886 1951 iu·

225 1991 302 2044 nem,
319 1975 362 2031 eui
379 1974 504 2031 llussana
517 1973 615 2031 ciuitas
638 1974 764 2045 proxima
784 1981 827 2029 cst
843 1988 850 2027 ε
867 1971 1031 2040 secundum,
1083 1971 1157 2027 sulas
1169 1971 1296 2027 Baleares
1311 1970 1390 2044 longe
1414 1971 1528 2043 positas,
1545 1986 1560 2026 a
1576 1971 1691 2028 meridie
1709 1971 1886 2030 Numidicam

228 2067 302 2137 qnod
314 2065 415 2122 dicitur
425 2065 596 2138 Pachynum,
608 2066 660 2122 sub
670 2081 725 2136 qno
740 2065 838 2121 ciuitas
849 2066 1031 2139 Syracusana,
1084 2067 1187 2130 sinunt,
1202 2080 1218 2120 a
1232 2064 1421 2137 septentrione
1433 2065 1475 2135 (nt
1484 2063 1553 2135 diti)
1566 2062 1839 2123 Corsicamcorsica
1849 2067 1886 2121 in·

230 2158 267 2190 ¹¹⁶
278 2156 391 2227 respicit
402 2155 437 2212 ad
451 2167 615 2213 euronotum
632 2173 640 2213 c
656 2158 779 2223 tertium,
792 2158 865 2227 quod
880 2157 1033 2229 appellatur
1084 2157 1144 2214 sula
1160 2158 1251 2213 inultis
1266 2156 1461 2226 promontoriis
1475 2156 1607 2227 angulosa
1618 2165 1671 2214 est.
1685 2158 1750 2213 llaec
1764 2158 1884 2215 ltabct¹³·

229 2249 392 2322 Lilybaeum,
408 2249 455 2305 ubi
471 2258 501 2306 et
513 2249 609 2306 ciuitas
622 2249 745 2321 ejusdcm
761 2252 879 2307 nominis
903 2254 955 2307 sita
978 2258 1031 2319 est,
1083 2251 1118 2307 ab
1133 2252 1237 2307 oriente
1247 2249 1419 2322 Tyrrhenum
1431 2264 1517 2316 marc,
1533 2248 1568 2281 ⁸²¹
1580 2257 1609 2306 et
1635 2258 1744 2321 portum
1762 2251 1855 2319 Urbis,
1869 2267 1885 2308 a

232 2343 268 2376 ’¹'
283 2343 409 2413 dirigitur
421 2341 447 2398 in
462 2355 599 2401 occasum.
618 2342 682 2398 llaec
693 2342 777 2404 babet
801 2343 864 2399 ¹¹⁸a
886 2343 983 2400 Peloro
1004 2343 1032 2399 in
1085 2342 1374 2411 meridicSaadiniam‚
1388 2343 1423 2398 ab
1436 2357 1536 2399 occasu
1550 2343 1585 2376 ¹⁸¹
1610 2343 1715 2402 insulas
1743 2344 1882 2411 Baleares,

232 2436 391 2509 Pachynum
414 2436 499 2496 millia
512 2450 643 2510 passuum
657 2438 692 2472 ¹¹⁹
706 2447 815 2495 centurn
836 2438 1031 2511 qninquaginta
1085 2438 1164 2510 longe
1180 2438 1294 2509 positas,
1315 2453 1331 2493 a
1354 2435 1439 2494 circio
1455 2446 1483 2495 et
1509 2437 1697 2509 septentrione
1720 2437 1888 2510 Ligusticum

876 2579 1105 2639 diiunctum
1124 2579 1243 2639 norm.

235 2683 360 2771 Veneta}
374 2700 443 2771 Aug.
458 2700 637 2773 etlioltuinq¹
654 2698 739 2758 hicet
765 2697 834 2756 inira
850 2697 981 2756 esitibent
1004 2698 1033 2753 ia
1086 2697 1230 2755 Strabonis
1253 2697 1341 2753 stadia
1360 2710 1517 2768 sequamur,
1533 2694 1624 2755 minor
1647 2710 1781 2754 numerus
1800 2696 1889 2754 terior

235 2771 282 2827 loo
301 2786 355 2838 unt,
371 2771 539 2826 etiamtum.
1087 2770 1233 2825 videbitur.
1251 2768 1335 2824 l'tort.

273 2788 569 2897 tubuauaamenart
584 2840 815 2914 dispensandis
838 2856 895 2896 vox
920 2838 987 2895 muri
1004 2839 1033 2896 itt
1122 2840 1190 2896 stu.
1217 2838 1327 2895 Centum
1360 2839 1550 2911 quinquaqinta
1586 2854 1687 2894 nauem.
1723 2837 1798 2895 Flor.
1831 2852 1888 2893 see.

239 2911 319 2970 editt.
334 2910 502 2968 Fabricianis
517 2923 545 2968 ct
558 2913 769 2984 Muqttnt.,qum
784 2922 874 2968 tamen
895 2911 923 2968 in
944 2912 1032 2967 omni·
1085 2926 1179 2977 catat,
1206 2910 1293 2982 bugd.
1315 2910 1376 2966 Bau.
1401 2926 1443 2982 pr.
1467 2924 1560 2981 cruta,
1581 2924 1644 2967 cum
1665 2909 1730 2966 edit
1760 2909 1890 2981 print-ut

236 2983 289 3039 btts
303 2998 369 3038 mss.
383 2982 547 3055 reliquisque
562 2983 643 3039 editis
655 2983 799 3039 itarenitnr.
1086 2983 1206 3039 AEtbico.

275 3053 338 3109 208.
355 3052 475 3108 Habetin
486 3054 563 3126 ioaqo
576 3054 659 3109 rutilio
675 3069 799 3123 qrassuum
813 3063 915 3109 centum
926 3061 1031 3121 septae·
1123 3054 1187 3110 220.
1205 3052 1313 3109 Centum
1326 3054 1492 3125 aeptuaqinta
1507 3050 1705 3121 septennAddit
1720 3049 1748 3107 in
1763 3051 1816 3107 stne
1830 3052 1889 3106 tttil·

238 3123 313 3197 qiata
336 3122 400 3190 duo,
412 3132 435 3178 et
458 3126 486 3178 in
506 3125 560 3178 iata
583 3126 782 3197 quinquaqinta.
798 3125 848 3180 Etl.
864 3126 1032 3195 Augustam,
1089 3125 1125 3179 lt'o
1138 3124 1182 3179 ed.
1199 3141 1241 3192 pr.
1258 3139 1319 3180 eum
1334 3124 1447 3180 Venetis
1457 3134 1484 3179 et
1498 3123 1583 3178 l‘aris.
1601 3133 1682 3192 atque
1694 3138 1746 3178 ms.
1763 3122 1888 3193 andnn.

240 3195 306 3250 Hoc
321 3195 397 3250 dabat
420 3196 448 3250 ia
475 3195 580 3268 ianqum
599 3212 635 3250 at.
661 3214 687 3265 p.
704 3213 728 3252 a.
742 3212 765 3249 a.
781 3197 808 3251 d.
822 3197 850 3250 in
866 3194 919 3250 iata
935 3213 960 3267 q.
979 3194 1035 3252 Sed
1088 3196 1148 3251 Bar.
1163 3195 1261 3260 tertio;
1275 3210 1370 3251 uerum
1388 3197 1411 3250 is
1423 3195 1539 3264 atnplias
1551 3194 1645 3249 scribit
1656 3209 1783 3249 certarat
1793 3198 1822 3249 rt.
1838 3191 1889 3248 AE-

238 3269 339 3338 prime,
355 3264 441 3322 Habet
456 3267 483 3321 in
498 3269 604 3338 ioaqum
619 3284 654 3322 at.
672 3285 698 3338 p.
710 3282 818 3323 utxrutt
830 3276 855 3322 et
868 3268 896 3321 ia
911 3268 993 3321 iatum
1005 3282 1031 3322 t..
1089 3266 1177 3322 tbicus
1190 3268 1310 3337 qnoque,
1326 3266 1410 3321 ntiiiia
1422 3283 1544 3333 pausatura
1556 3280 1671 3321 ctxxtv.

241 3342 271 3394 in
287 3338 342 3393 iliis
354 3348 379 3392 et
392 3339 420 3393 ia
434 3337 498 3394 iata.
515 3339 580 3395 blss.
596 3337 671 3395 Flor.
683 3353 754 3403 sec,
766 3347 842 3404 tert..
858 3338 945 3408 and.
963 3338 1033 3395 Batt.
1049 3325 1073 3389 C
1122 3338 1186 3393 dil.
1201 3336 1287 3406 Usque
1300 3339 1479 3392 subsolanum.
1492 3336 1705 3393 interseruntad
1718 3350 1787 3393 mss.
1815 3334 1889 3391 flor.

241 3424 311 3474 sec..
330 3418 404 3474 tert..
420 3420 523 3479 quart,
540 3411 616 3465 mens
629 3417 659 3464 et
682 3410 770 3464 Periz.
786 3419 869 3481 atque
891 3409 956 3464 edit.
973 3410 1035 3479 qui·
1089 3422 1160 3476 sec,
1176 3409 1261 3479 baga.
1275 3410 1346 3466 batt
1359 3425 1413 3479 pn,
1430 3416 1507 3472 tert..
1522 3416 1625 3479 quart„
1651 3408 1790 3476 Perizon,
1805 3405 1890 3473 Uitr..

243 3478 305 3532 dam
318 3480 444 3548 copalam
459 3492 483 3533 et
495 3480 598 3536 delent.
616 3480 668 3535 Pro
683 3489 786 3536 ceattuat
798 3481 965 3550 aeptnaqinta
984 3482 1037 3534 data
1090 3488 1119 3535 nt
1132 3490 1159 3535 et
1170 3480 1247 3535 editt.
1265 3495 1306 3550 pr.
1322 3483 1391 3553 Aug.
1404 3489 1434 3536 et
1444 3479 1622 3536 Venetncum
1636 3478 1723 3534 Paris.
1736 3478 1834 3535 belant
1847 3493 1892 3535 re·

242 3563 297 3603 ms.
310 3548 399 3629 ¹Luqd.
414 3549 472 3604 Bm.
488 3565 531 3619 pr.
544 3560 654 3619 quatuor
673 3559 736 3608 tert.
758 3562 855 3623 septena
876 3566 958 3620 snpra
974 3565 1038 3621 sep·
1090 3551 1389 3635 iiqnimss3etcditi5'
1422 3621 1428 3634 α
1805 3620 1813 3633 ⁹
1841 3622 1848 3635 ,

243 3627 364 3772 {aabgtigk
362 3627 622 3763 122¹u¹t¹ssffle³qataaau
643 3691 718 3749 Meus
738 3690 890 3765 transponit
911 3690 1038 3766 aniadet
1090 3620 1439 3768 niqqiztii·arflat'gttigtntww⁸
1463 3621 1514 3677 Ed·
1542 3628 1625 3693 M
1640 3620 1753 3678 venem
1777 3619 1891 3676 mmm

246 3762 352 3827 ansulae,
363 3776 443 3832 quant
460 3764 700 3832 transpositionem
718 3779 827 3838 quoqne
856 3773 930 3820 amat
954 3776 1037 3835 snpra
1126 3763 1465 3820 adsentatiunculas
1481 3762 1623 3820 Caiitanat.

246 3831 274 3887 in
290 3834 378 3888 inania
391 3833 467 3888 Creta
481 3843 509 3890 et
522 3835 609 3890 insuia
622 3833 731 3909 quros.
1126 3834 1192 3890 iil.
1205 3831 1239 3889 in
1254 3835 1341 3905 ionqo.
1359 3835 1410 3891 Ed.
1428 3835 1544 3902 liittorp.
1560 3835 1587 3888 ia
1598 3836 1717 3906 ioaqttta.

282 3905 336 3962 210
351 3904 422 3960 ilari
435 3904 532 3960 lcart'o.
544 3904 595 3961 ud.
610 3912 679 3974 Anu.
694 3909 760 3963 utari
776 3908 789 3962 1
795 3907 866 3963 onio.
1126 3905 1191 3962 225.
1208 3905 1327 3961 Duceuta
1347 3908 1464 3978 triqiata.
1493 3907 1543 3960 Ed.
1559 3906 1627 3975 Aug.
1653 3919 1751 3974 ecurt,
1767 3904 1896 3961 totidem-

283 3974 346 4030 att.
366 3977 562 4049 Quinquaqiata
576 3986 638 4034 tres.
653 3977 691 4035 Ut
704 3980 803 4048 passim
813 3980 884 4051 apud
901 3987 1038 4045 auctores,
1092 3993 1145 4050 quc
1164 3990 1315 4049 agatoscunt
1332 3994 1400 4034 mss.
1415 3976 1503 4048 latgd.
1516 3977 1588 4031 linit.
1605 3992 1660 4045 pm,
1672 3984 1749 4042 teat..
1764 3986 1890 4047 quartas.

248 4045 289 4099 sic
304 4048 330 4099 in
346 4047 427 4101 editis
440 4061 466 4100 ct
483 4064 549 4102 tarsa.
561 4048 696 4119 discrepat
711 4049 807 4104 baram
822 4051 971 4105 insularum
991 4065 1042 4103 ntt-
1128 4048 1191 4104 226.
1207 4050 1321 4104 dartana
1335 4052 1474 4118 octaqinta.
1488 4047 1536 4103 Sic
1550 4048 1593 4102 cd.
1610 4048 1678 4118 Anq.
1697 4055 1724 4101 et
1741 4062 1809 4103 rnss.
1832 4047 1898 4120 pla·

247 4129 341 4170 meras
356 4134 363 4169 ε
379 4119 567 4187 quinquaqinta
584 4129 609 4172 et
629 4131 680 4173 tres
694 4122 789 4176 scribit
803 4129 885 4190 atque
900 4130 1041 4175 catuntcrat
1092 4137 1148 4177 res.
1165 4121 1227 4187 aiiii,
1243 4132 1271 4175 ut
1285 4132 1312 4175 et
1327 4138 1378 4175 mu.
1389 4121 1513 4175 Pariana.
1525 4128 1554 4172 et
1573 4118 1646 4173 l'lor.
1660 4132 1717 4173 sec.
1740 4133 1841 4174 corax.
1864 4118 1891 4175 Ιι

248 4199 301 4239 rats.
317 4185 338 4240 F
340 4186 438 4241 latrent.
454 4200 524 4253 sec„
531 4189 727 4313 quinquaqinta
740 4200 852 4260 quatuor
866 4206 961 4245 omncs
973 4206 1040 4246 mss,
1093 4192 1193 4248 AEtbici
1209 4192 1421 4263 b'ostnnqrapbia
1436 4192 1585 4247 centenarii
1601 4189 1707 4245 ttumcri
1718 4190 1892 4259 exciderant,

248 4255 335 4326 Luqd.
350 4255 422 4311 Batt.
435 4266 464 4310 nt
483 4269 510 4311 et
555 4259 600 4314 ltr.
618 4259 746 4316 AEtbicus
766 4277 873 4332 qnaqne
892 4271 973 4331 atqne
995 4262 1040 4318 ed.
1094 4276 1121 4319 et
1133 4262 1261 4319 scribitur
1274 4272 1377 4318 tatttntn
1392 4280 1474 4317 narr.

246 4330 331 4396 Aug„
348 4326 376 4409 in
395 4342 449 4398 qua
461 4328 574 4398 ‘insuper
589 4329 698 4400 legitur,
713 4332 878 4387 Santoutcm
890 4349 978 4388 amaea
991 4330 1042 4404 Cy·
1129 4335 1194 4390 227.
1209 4333 1243 4388 m
1255 4351 1272 4388 a
1285 4333 1372 4389 daran.
1389 4336 1452 4389 diss.
1469 4332 1544 4389 Flet.
1568 4346 1641 4400 sec,
1666 4341 1741 4400 tert„
1762 4330 1841 4389 Alcas
1865 4339 1891 4388 et

249 4395 339 4452 clades
363 4400 467 4464 aucuia,
491 4407 543 4455 etc.
577 4400 719 4471 Vulgarum
747 4404 893 4459 lectionem
925 4404 1044 4461 retinent
1095 4405 1344 4472 adumaticum.

248 4483 316 4526 nass.
335 4468 424 4526 Perit.
440 4478 469 4525 et
482 4471 559 4526 licus
572 4486 633 4528 cum
646 4473 757 4544 reliquis
770 4476 945 4531 editionibus.
1131 4477 1195 4533 228.
1208 4475 1371 4548 Turriteaunt
1382 4490 1464 4530 mara.
1477 4475 1522 4533 Sic
1540 4476 1665 4531 seriltnnt
1678 4473 1749 4531 utar.
1764 4473 1891 4542 bradan.

282 4538 348 4597 2l2.
365 4539 523 4597 Hctcaeat.
540 4540 606 4598 ilua
620 4554 716 4601 teneaat.
730 4546 801 4601 Edit.
818 4551 887 4619 Aug.
911 4561 974 4603 cum
988 4547 1043 4605 lle-
1095 4550 1166 4604 liatt.
1184 4562 1240 4617 pr.,
1252 4560 1321 4611 sec,
1335 4555 1411 4614 tert„
1425 4563 1487 4603 curn
1503 4546 1582 4603 editt.
1593 4562 1650 4617 pr..
1663 4552 1731 4615 Aug.
1747 4555 1777 4602 et
1790 4546 1890 4601 Venct.

246 4613 331 4668 netis.
350 4612 416 4668 Dein
440 4613 468 4667 in
496 4615 604 4670 meridie
617 4615 690 4673 Fiet.
705 4631 774 4683 sec.;
789 4620 936 4687 meridiam,
951 4618 1043 4676 deleto
1098 4618 1286 4691 Tqrrbenicam
1306 4634 1377 4672 atate
1401 4619 1508 4686 retiqni,
1523 4621 1595 4688 qnod
1616 4633 1670 4674 non
1686 4614 1816 4687 pratens,
1830 4616 1892 4689 quia

245 4684 284 4752 ιἰι,
301 4681 373 4739 Fiet.
395 4694 458 4767 tert.
1057 4690 1261 4781 DTqrrltcnuat
1275 4704 1383 4760 qaoque
1393 4691 1487 4745 scribit
1500 4690 1635 4756 AEtltictts‚
1652 4697 1680 4743 et
1695 4687 1813 4742 Sardum
1825 4702 1894 4759 quo·

278 4756 349 4837 213.
365 4753 598 4839 licilianpamuum
616 4761 862 4833 quinquaqinta&
875 4762 920 4818 bic
931 4772 959 4817 et
973 4760 1042 4818 inira
1096 4778 1148 4829 quc
1158 4776 1222 4816 mox
1232 4760 1358 4826 Orosius,
1369 4777 1423 4815 non
1438 4760 1589 4830 Serdicam,
1602 4761 1664 4822 licet
1675 4758 1701 4814 itt
1714 4757 1776 4831 (sed
1787 4769 1893 4816 tantum

247 4826 320 4880 malie
340 4842 389 4896 pro
401 4829 483 4883 milita
498 4838 572 4885 ararat
584 4830 670 4903 Lttqd.
693 4834 752 4887 Bar.
773 4844 863 4903 quart.
880 4833 909 4888 ln
931 4847 1044 4888 numero
1096 4832 1124 4888 in
1138 4831 1306 4887 menabranis
1320 4834 1400 4899 meisi
1411 4832 1573 4888 inueniatur.

245 4909 376 4965 passuum
392 4911 535 4970 maqttuest
549 4902 677 4958 uarietas.
690 4903 899 4960 Ettumcratms.
916 4902 1041 4959 Florem.
1130 4902 1194 4958 229.
1213 4902 1323 4957 Portam
1338 4904 1408 4958 atriis
1419 4902 1518 4959 Romae.
1544 4902 1595 4959 Ed.
1611 4916 1667 4973 pr..
1679 4909 1703 4956 et
1720 4908 1827 4970 portant
1850 4917 1896 4957 ttr-

248 4980 306 5021 sec.
322 4984 383 5025 eum
397 4972 459 5025 cdd.
476 4974 561 5041 prima
582 4985 610 5029 et
623 4972 693 5046 Aug.
719 4975 804 5029 miliia
824 4991 948 5046 passuum
963 4977 1041 5043 quia·
1095 4974 1143 5029 iia.
1162 4974 1277 5030 l‘arisitt.
1294 4985 1318 5029 ct
1336 4984 1440 5044 portura
1465 4975 1537 5028 ariis
1559 4973 1696 5029 lienranoe.
1716 4970 1821 5029 AEtbiti
1842 4972 1896 5029 Co·

249 5042 866 5164 qsalmumastipulanturotttttesbttqd.Bat.
882 5059 948 5100 trass.
965 5053 996 5101 ut
1014 5053 1043 5101 et
1095 5045 1397 5116 snaqrapbiapartaaa
1408 5045 1595 5101 oetctnoeuaiit
1618 5045 1718 5100 lionae.
1746 5043 1895 5116 vulgatum

276 5111 320 5164 ltr.
335 5110 496 5170 :Flentem
512 5114 598 5170 taillia
609 5132 732 5183 patmum
746 5117 945 5189 quinquaqinta,
959 5131 1040 5187 quem
1095 5125 1205 5173 tuentur
1225 5132 1290 5171 mss.

247 5194 394 5237 nnmerum
408 5183 552 5241 llettscnnt
567 5188 877 5260 perizomata-imisque
890 5185 971 5243 editis
984 5201 1043 5245 aer·
1129 5190 1193 5246 250.
1207 5189 1244 5242 Ab
1259 5189 1365 5241 ariarate.
1387 5185 1498 5244 Addunt
1520 5186 1585 5246 dein
1608 5186 1695 5259 Lttqd.
1723 5184 1796 5241 Bait.
1822 5200 1896 5255 see„

247 5259 322 5305 uani.
335 5252 395 5308 Mox
410 5257 442 5308 ab
457 5259 592 5313 orientatis
607 5275 700 5314 occasu
711 5259 781 5315 bita.
1094 5272 1197 5330 quart„
1209 5269 1232 5313 et
1251 5259 1338 5313 borea.

248 5394 256 5407 .
282 5322 348 5379 alt.
365 5324 500 5403 Pelorum.
515 5331 563 5384 ild.
580 5331 677 5399 prima,
689 5341 755 5387 utet
780 5330 902 5388 Parisino
920 5327 1041 5401 Pelorus,
1129 5334 1193 5389 bat.
1211 5329 1245 5383 lit
1260 5340 1363 5401 parturn
1376 5327 1466 5385 ilriit.
1485 5329 1570 5400 bugd.
1587 5329 1656 5385 llatt.
1678 5344 1735 5385 sec.
1756 5337 1785 5382 et
1797 5339 1896 5411 quart.

247 5394 318 5452 mica
331 5411 440 5468 quoqne
456 5398 595 5471 uncturus
606 5411 686 5473 atque
700 5401 840 5475 biiqioeas.
1095 5404 1165 5475 qa'aai
1177 5412 1274 5475 spectat
1289 5403 1323 5454 ad
1334 5410 1436 5472 portum
1451 5400 1538 5457 litiis.
1555 5401 1658 5456 beittdc
1670 5404 1740 5471 past·
1751 5398 1834 5456 licita
1850 5402 1899 5457 ad·

284 5467 350 5524 ili.
361 5469 470 5540 Aspicit.
489 5470 575 5541 bugd.
591 5472 662 5527 batt.
673 5489 730 5529 sec.
746 5484 837 5545 quart.
851 5473 967 5545 respicit.
1096 5476 1164 5529 dunt
1174 5474 1258 5529 iidem
1273 5487 1333 5528 cunt
1348 5487 1390 5542 pr.
1405 5481 1601 5542 attenuataque
1616 5471 1700 5539 Uitr,
1722 5469 1825 5527 Rauca.
1841 5473 1899 5531 Sed

284 5538 351 5596 216.
366 5540 482 5613 Respicit
497 5541 532 5595 ad
546 5554 708 5602 euronotum.
730 5544 813 5611 Uitr..
833 5545 957 5615 Lugdun.
976 5543 1043 5614 bat.
1096 5545 1242 5615 irrepsisse
1253 5560 1286 5599 et
1302 5542 1486 5612 superioribas
1509 5542 1626 5610 ridetur,
1643 5544 1725 5599 celati
1753 5545 1900 5609 catalasca

249 5619 338 5681 quart.
352 5629 411 5683 quae
422 5613 563 5683 pampottit.
1097 5617 1169 5672 enim
1184 5616 1211 5670 in
1228 5617 1343 5684 August.
1365 5613 1485 5671 editione
1499 5616 1608 5685 legitur.
1619 5615 1719 5670 scilicet
1732 5613 1839 5669 liutara.

283 5680 348 5739 atr.
367 5683 509 5757 Diaiqitur.
526 5684 704 5758 liitr'qitatqtte
716 5685 768 5741 ut.
784 5701 825 5756 pr.
1130 5686 1194 5744 252.
1207 5687 1311 5741 lusatiae
1324 5684 1455 5749 Baleares,
1475 5686 1551 5757 ianqc
1565 5687 1672 5755 positas.
1686 5686 1754 5740 Ausi
1765 5683 1898 5743 beastan

282 5752 1042 5828 2i8.APaloroiaPacitqnuntntiiiiapassuumreatum
1096 5762 1242 5829 postremis
1261 5756 1491 5812 tlmtbusuocibtts
1511 5774 1544 5811 cr
1570 5759 1654 5826 bagai.
1679 5756 1751 5811 Bait.
1782 5770 1843 5812 sce.
1868 5766 1901 5815 at

248 5825 437 5904 quinquaqinta
450 5845 550 5884 noceat.
566 5828 593 5883 ln
609 5844 663 5883 tmo
674 5844 725 5883 ms.
744 5838 798 5892 cst,
811 5838 913 5883 cantant
927 5830 1042 5900 quadra·
1096 5842 1204 5900 qttarto‚
1217 5831 1344 5900 qnoniam
1369 5828 1395 5883 in
1418 5826 1520 5886 AEtbici
1545 5825 1758 5902 cosmographia
1783 5842 1900 5902 tutoque

246 5904 323 5963 qanta
337 5913 436 5967 norunt,
452 5902 479 5957 in
493 5900 555 5958 aliis
569 5911 670 5956 caratam
684 5901 870 5973 quinquaqinta
883 5917 983 5956 notent.
1010 5901 1039 5959 Si
1095 5904 1278 5959 ittt'cttittntur.
