4192 6434
459 354 596 411 1003

1850 344 2059 407 raum
2094 345 2321 425 onosn

3616 346 3755 415 10134

455 484 617 547 atque
647 486 762 529 aevo
791 471 997 543 gravis,
1034 485 1222 525 verum
1267 471 1459 534 Deum,
1493 468 1557 524 ad
1603 469 1760 540 cujus
1798 468 2044 525 notitiam
2074 465 2132 543 A
2156 463 2403 521 habitura
2435 466 2722 535 supplicii,
2747 466 2889 537 qnod
2934 465 3159 539 remedii
3188 465 3253 520 ad
3288 473 3507 537 tenpus
3528 465 3761 529 habuis-

429 584 571 623 ·non
600 566 702 622 nisi
729 563 917 620 auditu
943 578 1040 632 per
1080 562 1243 617 tidem
1276 560 1516 629 venitur,
1552 575 1659 616 non
1685 551 2047 632 intelligebat.

462 664 572 718 llos
600 670 781 717 antem
813 658 980 713 salsos
1017 671 1143 711 csse
1174 655 1401 711 rationis
1445 654 1614 726 ipsius
1650 655 1771 711 luce
1802 655 2053 726 pervide-

464 765 567 817 rat,
597 752 746 807 aliud
788 748 1192 816 consuetudini,
1225 746 1370 803 aliud
1417 747 1584 805 menti
1617 763 1728 803 suae
1757 746 2005 803 tribuens
2034 763 2048 801 ε

455 848 517 903 Si
572 847 715 909 estis,
768 844 963 917 inquit,
1014 844 1111 907 dii,
1153 841 1258 897 hoe
1299 851 1386 897 est
1435 841 1640 907 dicere,
1685 856 1785 915 ego
1807 840 2051 897 sentiens

451 952 576 997 esse
619 952 784 1009 super
839 934 1115 990 hominem
1167 933 1529 1005 potentiorem
1554 933 1672 1003 ipso
1700 931 1921 997 homine
1949 947 2049 1004 po-

452 1038 742 1095 testatem,
795 1025 1049 1096 precandi
1101 1025 1423 1081 necessitate
1489 1033 1708 1091 motus,
1771 1038 2050 1097 commen-

461 1123 533 1180 do
554 1120 885 1192 diligentiam
905 1128 958 1173 et
1006 1134 1211 1173 excuso
1255 1118 1614 1190 ignorantiam
1662 1132 1859 1175 meam.
1894 1118 1935 1152 ¹⁹
1963 1117 2050 1173 ln·

456 1230 593 1272 voco
652 1213 743 1284 qui
786 1221 894 1279 est,
955 1214 1081 1267 dunt
1130 1212 1396 1289 rom-enio
1448 1212 1536 1283 qui
1597 1226 1703 1266 non
1745 1221 1845 1267 est.
1905 1212 2048 1279 Qua-

459 1318 680 1378 propter
759 1319 882 1359 cum
956 1302 1147 1360 dolore
1194 1311 1253 1359 et
1326 1304 1521 1359 timore
1589 1302 2048 1360 considerandum

461 1409 566 1466 est,
598 1412 700 1465 qna
729 1411 890 1467 poena
934 1409 1110 1466 quove
1135 1393 1342 1465 judicio
1369 1394 1516 1469 digni
1548 1405 1733 1463 erunt,
1763 1394 1886 1467 qni,
1919 1411 2049 1451 cou-

457 1502 536 1548 tra
565 1491 910 1547 interdictum
931 1488 1043 1559 jam
1075 1488 1372 1560 propalatae
1394 1496 1451 1544 et
1475 1487 1759 1561 publicatae
1778 1488 2022 1545 veritatis

452 1602 548 1643 eos
571 1595 852 1643 sectantur
880 1594 936 1641 et
977 1584 1163 1641 colunt
1187 1583 1232 1615 ¹⁰
1259 1584 1414 1651 deos,
1467 1583 1535 1641 dc
1575 1584 1769 1657 quibus
1798 1587 1840 1617 ¹¹
1886 1587 2048 1643 etiam

451 1680 528 1735 illi
569 1680 683 1749 iam
715 1689 841 1737 tunc
872 1677 1128 1735 dubitare
1177 1684 1450 1748 poterant,
1480 1678 1570 1749 qui
1624 1678 1802 1736 adhuc
1851 1688 2050 1750 praeter

2155 568 2240 612 set
2270 575 2281 611 t
2314 572 2434 612 cum
2465 557 2697 630 trepida}
2724 558 3061 615 diversarum
3096 558 3497 628 provinciarum
3528 558 3761 629 legatie-

2156 666 2255 706 ncs
2278 650 2420 707 inter
2444 649 2490 681 ²²
2521 651 2880 723 succedentes
2909 651 3279 714 Romanorum
3316 651 3510 720 duces,
3548 660 3609 710 et
3638 661 3757 713 trtt-

2154 741 2508 799 culeutimem
2568 744 2615 775 ¹³
2672 744 2862 799 notitia
2916 743 3281 802 Mithridatem
3312 786 3329 813 ,
3400 745 3639 803 alternis
3692 744 3757 817 gd

2154 847 2466 908 utrumque,
2493 847 2655 909 prout
2680 854 2953 909 quemque
2974 854 3092 895 sors
3120 839 3253 899 belli
3281 838 3598 915 attollebat,
3628 840 3677 873 '⁸
3704 850 3759 897 ct

2153 932 2295 987 incer
2312 932 2380 987 tis
2431 931 2893 1003 satisfactionibus
2940 933 3416 991 transferebantur
3442 975 3457 1001 ,
3508 932 3755 1011 augendo

2153 1023 2393 1094 pericula
2438 1042 2560 1099 quae
2599 1027 2644 1059 n
2693 1026 2977 1085 sanabant.
3018 1028 3064 1060 ¹⁸
3109 1026 3263 1093 Nune
3308 1026 3441 1099 quid
3490 1027 3757 1099 contiuuo

2153 1115 2469 1188 PompeiuS,
2495 1119 2540 1152 ¹⁹
2568 1129 2621 1174 et
2654 1118 2872 1188 quidem
2924 1119 3242 1191 Pompeius„
3272 1118 3447 1187 homst
3484 1118 3755 1191 Romano-

2155 1225 2273 1266 rum
2302 1212 2781 1267 moderatissimus
2806 1251 2827 1289 ,¹
2854 1226 2951 1283 per
2983 1211 3089 1281 plus
3109 1213 3239 1264 imas
3274 1221 3461 1281 partes
3488 1212 3747 1279 Orientis,

2154 1302 2308 1361 linito
2335 1304 2708 1363 Mithridatico
2736 1305 2905 1374 hello,
2935 1305 3132 1377 egerit,
3164 1306 3355 1381 paucis
3381 1304 3427 1337 ⁸⁰
3454 1303 3747 1382 proferant.

2760 1418 2989 1475 CAPUT
3040 1417 3128 1474 Vl.

2156 1511 2235 1569 De
2260 1514 2425 1585 qestt'a
2470 1511 2709 1582 Pompeii
2747 1513 2805 1567 in
2851 1512 3046 1585 Syria,
3080 1510 3327 1569 Ptioeniae
3359 1525 3405 1569 et
3442 1513 3639 1571 Jadoea
3660 1558 3674 1577 ‚
3702 1526 3747 1571 et

2619 1586 2987 1657 conjuratione
3021 1584 3282 1641 Catilinoe.
3730 1604 3738 1611 ·

2228 1690 2239 1719 ¹
2286 1677 2443 1733 Auno
2475 1677 2543 1731 ab
2580 1679 2714 1737 urhe
2757 1679 2979 1737 condita
3008 1694 3317 1749 actxxxtx,
3353 1682 3433 1751 it..
3458 1680 3747 1749 Tulliaci-

453 1771 676 1828 cosdem
710 1773 860 1829 scire
904 1769 1037 1826 nihil
1071 1779 1345 1841 poterant.
1383 1769 1765 1827 Verumtamen
1809 1771 2049 1829 breviter
2157 1784 2363 1826 cerone
2405 1782 2459 1827 et
2485 1768 2546 1825 (ἶ.
2574 1771 2817 1828 Antonio
2832 1772 3177 1847 consulibua,¹
3200 1772 3518 1843 Pompeias,
3545 1776 3565 1805 ²
3594 1788 3749 1841 ocem

451 1868 705 1932 consulo,
753 1866 932 1939 qualia
967 1877 1094 1921 tunc
1128 1865 1223 1921 toti
1255 1864 1462 1921 Orienti
1509 1874 1754 1935 tempora¹
1785 1864 2042 1927 videbant-,-
2076 1876 2121 1945 Β
2150 1862 2477 1919 Mithridatis
2505 1866 2699 1920 nuntio
2728 1862 2897 1937 384
2929 1875 3191 1939 accepto,
3236 1864 3459 1936 Syriam
3500 1865 3673 1925 toeten
3698 1873 3749 1923 et

451 1970 556 2025 tur,
604 1975 728 2015 cum
763 1975 858 2029 per
900 1957 1256 2029 qnadraginta
1301 1972 1473 2012 annos
1513 1956 1726 2012 misera:
1793 1959 2043 2013 nationes
2150 1953 2443 2013 thnicen
2475 1955 2622 2017 hello
2653 1970 2969 2027 aggressus
3003 1956 3024 1987 ³
3054 1957 3289 2033 sturmus„
3310 1956 3561 2027 primum,
3584 1956 3603 1987 ⁸
3626 1956 3745 2029 353-

445 2053 673 2109 alternis
717 2054 761 2083 ²¹
801 2061 1072 2106 tantorum
1109 2049 1304 2104 ducum
1347 2049 1740 2105 vastationibus
1793 2050 2044 2125 tereban-

454 2154 580 2201 tur:
617 2145 782 2219 383
813 2160 936 2203 cuni
966 2158 1196 2215 qumque
1241 2143 1432 2199 civitas
1475 2144 1641 2198 tantis
1686 2144 2044 2217 cguicursibus

446 2236 492 2269 ¹⁸
538 2237 718 2293 media
762 2235 1155 2295 inevitabiliter
1199 2233 1612 2311 periclitabatur
1639 2276 1652 2299 ,
1698 2235 1820 2299 inde
1854 2252 2047 2311 aecen-

444 2343 573 2387 sura
601 2329 834 2387 alterum
859 2370 872 2392 ‚
908 2326 1052 2383 unde
1091 2326 1325 2385 alterum
1355 2334 1724 2395 temperasset
1750 2345 1759 2380 :
1793 2326 1894 2383 hoe
1921 2343 2044 2401 mox

2151 2049 2357 2119 basque
2407 2048 2748 2121 prrdomuit,
2795 2050 3098 2120 urbemque
3136 2063 3327 2121 corum
3354 2050 3422 2117 ,¹⁵
3448 2064 3613 2121 quam
3664 2048 3747 2121 1³0-

2151 2151 2292 2198 tram
2318 2142 2622 2209 nuiuinant‚
2667 2144 2833 2214 cepit.
2879 2141 3015 2198 llinc
3034 2141 3277 2211 ludaeos,
3306 2144 3509 2215 quibus
3546 2144 3743 2215 Aristo·

2153 2235 2313 2293 hulus
2343 2235 2569 2305 expulso
2608 2235 2779 2293 l'ratre
2818 2236 3073 2308 llyrcano
3120 2237 3339 2307 primus
3364 2254 3439 2312 eg
3466 2238 3741 2313 sacrm

2153 2344 2247 2385 rex
2275 2338 2531 2399 precer-at.
2555 2337 2723 2403 atque
2743 2329 2811 2387 ad
2838 2330 3292 2405 hierosolymam,
3315 2333 3517 2405 urbam
3541 2347 3737 2403 eorum,

1743 2488 2191 2547 ttAVERCAMPt
2232 2489 2465 2548 NO'l‘AE.

520 2633 604 2690 ¹9.
637 2631 829 2688 Invoco
854 2634 941 2705 qui
973 2641 1070 2687 eat.
1099 2630 1190 2688 Sic
1204 2629 1405 2687 Goion.
1433 2628 1646 2696 plenius
1673 2628 1836 2694 paulo
1865 2643 2027 2700 quam

442 2704 554 2769 alii,
612 2703 703 2774 qui
746 2705 854 2758 duo
894 2702 1068 2772 prima
1098 2701 1267 2758 verba
1297 2702 1577 2755 omittunt.
1621 2699 1788 2754 baur.
1821 2731 1892 2739 —
1923 2697 2029 2754 Pro

438 2777 643 2840 invoco,
677 2774 925 2832 Perizon.
959 2774 1106 2845 legit,
1131 2772 1186 2827 in
1209 2788 1288 2827 eo.
1313 2770 1424 2829 Sed
1449 2771 1538 2826 ed.
1572 2770 1809 2841 August.
1842 2771 1920 2827 sic
1951 2770 2032 2825 lo·

439 2863 563 2902 cum
595 2847 870 2915 conripit:
901 2848 1081 2899 invoco
1103 2848 1220 2914 jam
1247 2859 1383 2910 eum,
1443 2843 1497 2897 ιιι·
1519 2851 1611 2906 est,
1640 2843 1763 2896 dunt
1789 2841 2030 2897 convenio

442 2933 579 2979 enm,
619 2916 706 2986 qui
736 2933 842 2971 non
879 2925 950 2971 est
991 2915 1148 2972 Deus.
1180 2914 1288 2971 Sed
1336 2916 1406 2969 mi
1450 2916 1467 2970 i
1506 2916 1788 2983 utriusque
1827 2912 2032 2969 codicis

444 2988 604 3044 lectio
632 2987 866 3058 glossam
915 3000 1109 3057 sapere
1138 2985 1389 3051 videtum
1437 2983 1726 3041 rotundior
1752 2984 1898 3040 enim
1940 2994 2028 3039 est

441 3058 602 3115 lectio
633 3058 870 3128 vulgata.

510 3130 602 3185 20.
635 3129 790 3185 Deos.
820 3131 990 3185 Abest
1017 3144 1048 3183 a
1075 3128 1192 3185 Meo
1221 3137 1278 3185 et
1309 3126 1562 3184 Perizon.
1607 3136 1664 3183 et
1691 3127 1890 3185 abesse
1928 3140 2026 3197 po-

441 3210 566 3264 test,
599 3201 642 3255 si
673 3215 834 3271 supra
867 3216 967 3270 pro
991 3217 1076 3255 eos
1101 3213 1337 3267 reponas
1376 3200 1520 3254 deos.

510 3273 601 3327 21.
633 3270 826 3326 Etiam.
857 3272 971 3327 Non
1003 3278 1188 3327 exstat
1209 3270 1260 3324 in
1293 3270 1431 3325 Meo.
1466 3268 1635 3340 Lngd.
1670 3272 1812 3327 Batt.
1848 3286 1932 3339 pr.
1969 3278 2025 3324 et

441 3354 617 3413 quart.
653 3343 856 3414 legunt,
890 3343 954 3398 de
980 3342 1167 3413 quibus
1198 3341 1354 3394 etiam
1384 3342 1464 3394 itti
1495 3350 1618 3397 tunc
1647 3341 1888 3397 dubitare
1933 3356 2028 3411 po·

445 3423 628 3467 terant.

514 3484 606 3539 22.
631 3483 938 3537 Tantorum.
971 3482 1248 3543 perizon..
1279 3482 1531 3537 duorum.

514 3554 605 3606 27».
638 3552 837 3609 Media.
871 3555 1074 3619 Recte3
1112 3553 1324 3608 dnobus
1361 3553 1505 3607 enim
1554 3568 1676 3621 quae
1706 3553 2029 3610 intermedia

446 3622 693 3679 hostibus
720 3633 866 3680 terra
916 3635 1020 3692 est,
1072 3623 1142 3677 ah
1171 3631 1399 3692 utroque
1438 3622 1646 3678 cladem
1687 3636 1744 3681 et
1771 3625 2030 3680 datununt

443 3695 663 3765 patitur.
700 3694 837 3751 Edd.
867 3695 1122 3767 quaedam
1153 3695 1358 3761 inepte,
1385 3694 1574 3747 inedia.

513 3768 603 3821 et.
634 3767 976 3822 succedentes
1005 3766 1360 3821 Romanorum
1378 3763 1555 3819 daces.
1583 3765 1812 3834 Sullam,
1833 3765 2033 3823 Lucul-

449 3837 580 3904 lum,
606 3838 839 3901 Cottam,
870 3838 1174 3902 Murenam,
1202 3836 1540 3897 Pompeium.

513 3908 603 3964 25.
651 3908 860 3962 Notitia
909 3908 1283 3963 Mithridatem.
1329 3905 1454 3962 Mss.
1501 3907 1738 3979 aliquot.
1776 3923 1842 3965 ex
1897 3910 2027 3980 Lug.

443 3979 609 4047 Bait„
645 3980 887 4035 notitiam
925 3979 1265 4034 Mithridatis.
1301 3976 1475 4033 Vocat
1511 3979 1882 4035 Mithridatem
1911 3990 2030 4037 tru-

445 4051 810 4105 culentiorem
833 4052 1046 4111 notitia,
1072 4048 1216 4119 quod
1241 4048 1361 4117 eJus
1381 4049 1632 4107 videlicet
1652 4051 2030 4109 crudelitatem

444 4120 649 4183 experti
678 4129 829 4175 erant
859 4136 872 4183 ;
915 4119 982 4174 dc
1022 4120 1288 4176 Rotttanis
1318 4136 1453 4173 vero
1487 4128 1776 4189 sperarent
1818 4122 1936 4178 lore
1978 4136 2036 4179 nt

444 4189 626 4256 quiex
661 4190 727 4243 iis
755 4200 1080 4260 sequeretur
1121 4191 1296 4259 magis
1334 4198 1484 4245 essct
1514 4190 1815 4247 tolerabilis
1849 4210 1914 4249 co
1941 4198 2032 4267 qui

446 4268 824 4330 praecesserat.

515 4330 606 4386 26.
643 4330 705 4385 Et
741 4333 971 4387 incertis.
1000 4330 1452 4402 conjunctionem
1478 4348 1544 4390 ex
1570 4346 1699 4388 mss.
1730 4338 1960 4392 attexui.

513 4401 603 4456 27.
641 4402 932 4459 Sonabant.
960 4403 1062 4459 Ed.
1092 4405 1256 4476 Aug„
1292 4408 1630 4460 sanabantur.

513 4476 603 4529 28.
635 4474 810 4530 Nunc.
837 4473 936 4529 lt'd.
971 4478 1194 4547 August.
1215 4518 1228 4539 ,
1254 4491 1378 4532 cum
1408 4485 1643 4546 quatuor
1662 4476 1834 4543 Lugd.
1867 4479 2032 4547 Rath,

447 4544 583 4605 Meo.
621 4546 896 4614 l’erizon.,
931 4545 1070 4603 Ultr.
1104 4558 1158 4604 et
1179 4548 1317 4604 Coll.
1355 4548 1549 4611 Gron.,
1587 4547 1730 4601 Nam
1757 4550 1900 4618 quid,
1926 4564 2032 4607 etc.

441 4616 593 4683 Quod
626 4616 672 4670 si
702 4616 900 4684 placet,
935 4618 989 4673 in
1013 4620 1121 4675 tine
1152 4619 1360 4691 periodi
1392 4618 1679 4691 legendum
1713 4628 1821 4689 est,
1855 4624 2036 4694 paucis

446 4703 583 4741 nunc
613 4688 895 4758 proferam.

517 4758 609 4813 29.
645 4756 713 4813 Et
738 4758 947 4829 quidem
970 4758 1272 4830 Pompeius.
1306 4761 1424 4819 Non
1449 4760 1798 4819 inveniuntur
1830 4763 1948 4821 haec
1978 4767 2032 4823 in

445 4828 638 4897 primis
677 4832 1000 4900 quibusdam
1031 4831 1156 4888 cdd.
1180 4874 1196 4900 ,
1230 4843 1289 4889 ut
1319 4848 1420 4891 uec
1445 4834 1496 4888 in
1519 4833 1679 4890 codd.
1704 4833 1823 4889 Meo
1854 4843 1911 4891 et
1938 4836 2040 4894 Pe·-
2069 4830 2123 4891 D

445 4914 618 4955 rtznn.

510 4972 600 5025 50.
633 4970 740 5026 Pro
770 4990 932 5027 eram.
957 4973 1129 5045 Lngd.
1164 4974 1308 5030 Batt.
1343 4992 1425 5044 pr.
1461 4985 1516 5031 et
1547 4982 1697 5038 tert.,
1731 4980 1974 5047 reseram.

510 5042 641 5095 (lap,
684 5041 725 5097 V
757 5084 770 5097 .
800 5074 870 5085 —
914 5045 964 5098 1.
989 5046 1141 5101 Anno
1163 5046 1227 5100 ab
1262 5045 1329 5101 U.
1363 5047 1424 5102 C.
1456 5061 1751 5105 nctxxxtx.
1783 5050 1922 5105 Aliis
1950 5059 2036 5106 est

435 5127 613 5237 iratius
635 5113 806 5237 alicu.
838 5114 900 5171 C.
936 5131 1094 5173 ncxc.
1139 5116 1272 5173 Cum
1310 5117 1506 5175 Orosio
1557 5117 1684 5174 facit
1733 5121 2030 5191 Eutropius

459 5198 472 5237 ι
520 5198 659 5237 ‚t-n.
728 5201 852 5241 um.

507 5253 562 5307 2.
592 5253 766 5310 Occisi
791 5256 1132 5314 Mithridatis.
1168 5258 1524 5327 MithridateS,
1559 5261 1748 5321 fractis
1775 5265 1987 5321 viribus
2007 5308 2023 5333 ‚

429 5335 488 5380 et
513 5327 568 5381 in
597 5325 720 5381 Asia
746 5327 1053 5385 debellatus
1081 5346 1112 5384 a
1143 5330 1426 5401 Pompeio,
1456 5341 1745 5407 statuerat,
1770 5335 2024 5407 exemplo

434 5397 750 5467 Agathoclis
802 5398 1134 5468 Syracusani
1194 5412 1356 5471 atquc
1415 5404 1690 5476 Scipionis
1745 5408 1977 5463 Romani
2004 5452 2021 5478 ,

435 5467 636 5523 bellum
683 5469 737 5524 in
783 5470 1040 5528 hostilem
1069 5474 1368 5532 transferre
1401 5486 1625 5547 terram,
1679 5480 1890 5535 ltaliam
1917 5488 2033 5535 tur-

433 5537 587 5604 bare,
615 5541 782 5623 inque
805 5557 865 5597 ea
899 5542 1198 5611 Romanos,
1230 5546 1514 5605 Gallorum
1547 5550 1751 5606 viribus
1788 5551 2026 5620 adiutuS‚

433 5610 685 5680 aggredi:
713 5613 854 5694 quod
884 5613 1061 5669 audax
1093 5618 1262 5686 patris
1289 5620 1436 5677 senis
1478 5619 1770 5677 eonsilium
1798 5637 1922 5681 cum
1951 5620 2025 5677 ti-

435 5690 611 5737 meret
651 5681 794 5739 tilius
833 5683 1145 5743 Pharnaces
1169 5728 1185 5754 ‚
1219 5688 1318 5745 ne'
1352 5692 1533 5753 enitus
1582 5690 1818 5763 omnem,
1852 5690 2029 5751 venite

435 5762 643 5836 spema
675 5753 936 5817 Romanis
988 5753 1093 5814 sibi
1137 5760 1314 5817 intere
1340 5758 1562 5825 u'deret.
1610 5758 1920 5823 detectione
1972 5773 2030 5823 et

430 5822 729 5887 parricidio
762 5837 968 5895 partem
1003 5830 1158 5905 regni
1205 5830 1470 5903 paternit
1495 5828 1758 5909 Pompeio
1802 5834 2027 5895 meruit.

2138 2628 2278 2685 llinc
2304 2630 2371 2685 ad
2420 2641 2715 2686 mortenia
2742 2647 2801 2688 se
2844 2644 3094 2689 coactum
3147 2634 3318 2690 luisse
3369 2636 3733 2695 Mithridatem

2136 2698 2404 2770 gloriatur
2434 2700 2726 2773 Pompeius
2766 2704 2909 2775 apud
2941 2703 3146 2761 Lucan.
3179 2722 3239 2771 ιι,
3272 2707 3416 2763 58οε

2262 2835 2407 2901 Idem·
2428 2850 2516 2898 per
2540 2838 2753 2902 Scythici
2778 2840 3049 2905 profugum,
3064 2843 3119 2907 di
3136 2845 3277 2907 'orti-‘t
3302 2843 3451 2911 Potui

2264 2896 2557 2949 Indomitum
2579 2914 2774 2962 regem,
2796 2901 3116 2969 Romanaque
3156 2913 3235 2956 ata
3261 2917 3561 2971 morantem,

2262 2960 2335 3009 Ad
2356 2969 2586 3025 mortem,
2612 2961 2745 3013 Sulla
2768 2962 2979 3026 felicior,
3005 2966 3079 3018 ire
3104 2966 3269 3035 coegi.
3506 2968 3511 2973 '

2212 3083 2268 3137 5.
2302 3082 2525 3139 Itnroeos
2547 3087 2791 3158 primum.
2825 3088 2899 3145 Do
2930 3087 3145 3145 Itur-caia
3180 3106 3488 3164 eorumque
3511 3100 3731 3157 castellis

2143 3170 2171 3207 a
2222 3154 2480 3223 Pompeio
2532 3160 2747 3213 eversis
2795 3160 2993 3217 Strabo
3044 3161 3137 3217 lib.
3183 3178 3295 3219 xvi.
3350 3164 3409 3218 lu
3464 3164 3733 3227 Ciceronis

2146 3226 2473 3353 {miligpincnis
2519 3226 2570 3281 hi
2601 3226 2806 3301 [thymi
2834 3247 2942 3288 non
2972 3232 3111 3289 satis
3139 3237 3433 3293 emendate
3466 3242 3733 3319 nunni-uan-

2216 3368 2269 3423 4.
2304 3368 2602 3441 Arabasque
2624 3373 2945 3443 perdomnit.
2968 3375 3263 3448 Pompeius
3284 3382 3429 3452 apud
3454 3382 3647 3457 Lucan.
3674 3400 3727 3457 u,

2062 3452 2110 3515 C
2143 3440 2290 3496 59οε

2260 3533 2343 3584 He
2362 3535 2573 3585 domitus
2593 3540 2823 3599 coguovit
2846 3538 3007 3591 Arabs
3026 3554 3040 3603 ;
3066 3555 3169 3605 me,
3193 3542 3353 3595 Marte
3378 3546 3577 3601 seroces

2259 3595 2524 3660 Heniochi,
2551 3600 2753 3661 notique
2779 3608 2955 3665 erepto
2974 3602 3164 3654 vellere
3188 3604 3376 3658 Colchi.

2259 3656 2575 3722 Cappadoces
2590 3672 2701 3710 mea
2722 3663 2863 3725 signa
2889 3665 3086 3729 timent,
3114 3671 3167 3718 et
3190 3668 3363 3721 dedita
3384 3673 3545 3725 sacris

2260 3717 2447 3771 Incerti
2470 3720 2639 3771 Judaea
2664 3722 2776 3785 Dei,
2802 3725 3063 3790 mollisque
3087 3730 3344 3792 Sophene.

2264 3782 2540 3843 Armenios,
2565 3783 2832 3849 Cilicasque
2858 3787 3009 3847 ἴθι-οε,
3033 3790 3323 3855 Taurosque
3350 3796 3557 3860 subegi.

2206 3908 2261 3991 5¹.
2294 3908 2465 3993 Q“.‘¹’.²²
2488 3908 2727 3991 Petram.
2748 3910 2988 3969 Arabum
3022 3930 3117 3971 rex
3148 3917 3373 3985 Arelas.
3400 3937 3565 3993 quom
3592 3925 3725 3983 mm-

2134 3991 2594 4134 exarmati.
2610 3994 2675 4106 ’ἓ
2706 3990 2828 4108 »aa
2844 3984 3725 4131 irmfpftzffrtaatkr
3614 4082 3727 4125 ....

2136 4122 2332 4180 Aretas
2370 4137 2579 4193 regnam
2608 4138 2773 4197 snam¹
2802 4126 3056 4191 habebat,
3087 4132 3315 4201 loseph.
3363 4134 3463 4191 lib.
3494 4152 3585 4197 mr
3612 4138 3721 4201 Ant.

2135 4209 2187 4250 c.
2211 4194 2267 4247 2.
2302 4192 2445 4269 Lege
2476 4192 2635 4255 Dion.
2666 4192 2761 4269 lib.
2791 4212 2996 4269 χχιιι-ιι.
3028 4196 3196 4259 Fran.
3233 4232 3309 4243 ——
3359 4206 3461 4271 hist.
3486 4210 3721 4271 nobiter

2133 4280 2245 4321 atre
2297 4278 2554 4323 nummus
2608 4262 2768 4339 valde
2824 4284 2980 4341 rarus
3011 4310 3026 4335 ,
3093 4272 3409 4344 inscriptus
3454 4286 3721 4341 mum

2136 4340 2398 4402 ΔΡΕΤΟῙ,
2432 4335 2524 4407 qui
2552 4335 2745 4393 faciem
2774 4338 2922 4411 regis
2947 4342 3187 4405 Arabum
3218 4344 3429 4409 Aretoe.
3460 4349 3587 4413 siw
3606 4354 3721 4415 ΑΒ·

2138 4404 2198 4470 ιί.
2235 4417 2464 4477 ntroque
2488 4407 2633 4463 enim
2662 4408 2823 4479 modo
2849 4426 3049 4483 nouien
3079 4414 3139 4475 id
3162 4416 3459 4485 scribitur,
3484 4408 3711 4493 exhibu-

2138 4478 2344 4545 Alium,
2371 4492 2492 4533 cum
2517 4476 2678 4533 simili
2704 4476 3063 4551 inscriptione
3086 4496 3149 4541 et.
3170 4484 3505 4553 Philellenifl
3522 4492 3715 4563 insuper

2135 4553 2480 4617 cognomine,
2509 4550 2558 4602 in
2587 4550 2810 4621 egregio
2838 4567 2937 4613 suo
2960 4546 3283 4625 specimine
3300 4556 3709 4627 ediditAndros

2138 4618 2443 4701 More-llius
2482 4619 2781 4697 Utriusque
2834 4622 3117 4699 lubemffl'»
3164 4637 3223 4683 ut
3272 4638 3441 4701 pum„
3474 4632 3711 4705 uicum!

2136 4697 2363 4763 aspiciet
2389 4688 2606 4760 Lector.
