4192 6434
214 379 270 441 544
734 374 851 435 rtuttt
869 372 960 435 Lbclt
978 369 1334 434 4444441444444444444.
1810 367 1867 431 bat

183 539 188 548 .
215 494 359 557 444400.
426 494 530 554 dudum
544 493 655 564 444444,
669 492 793 551 collectis
810 494 979 562 canonibus,
993 493 1029 549 ad
1042 493 1188 566 episcopos
1201 491 1345 550 44444444
1359 488 1394 549 44
1407 486 1543 564 quoddam
1556 488 1685 563 gencrale
1698 487 1864 549 4144444.

433 587 579 647 concilium
595 594 775 660 congregatos
789 585 889 646 4444444
903 602 936 646 so
949 585 1068 645 cunicrt.

824 701 953 760 uttsnll
970 700 1254 761 COMMENTARIUS.

215 814 291 858 mont
302 798 487 869 contendisse,
502 808 690 872 qnotempore
701 798 789 856 saneti
802 795 1016 869 protomartyris
1028 795 1056 859 A
1068 795 1132 864 pidei
1145 798 1353 870 prasertinatum
1366 814 1434 867 esse,
1447 801 1670 874 promptissimum
1683 808 1730 858 est.
1745 802 1782 859 ttt
1794 801 1865 859 inle-
1967 851 1971 865 .

215 873 341 941 reliquiae
354 870 508 927 adinventas
521 878 596 928 sont.
613 870 662 927 llis
682 869 799 936 aceedit,
815 868 888 941 quod
898 867 1013 925 0444444
1058 867 1134 931 rius:
1156 867 1221 924 Cum
1234 869 1266 924 de
1284 870 1327 925 iris
1347 872 1569 944 interroqaretur,
1584 874 1714 939 asseruit,
1728 874 1865 931 Lazarum

216 943 269 999 nisi
280 954 341 1013 post
354 943 454 1000 multos
467 958 556 998 annos
568 957 622 998 uun
638 941 719 998 rediit
735 942 762 997 in
782 938 937 1010 Hispanias,
949 954 1012 995 eum
1067 954 1130 999 saue
1145 940 1173 994 in
1189 941 1301 996 tramitte
1318 943 1462 1014 aequitum,
1486 943 1611 1000 4444444444
1624 962 1683 1000 oero
1696 946 1774 1001 etiam
1787 947 1864 1001 satis-

217 1024 307 1070 tamen
324 1015 430 1079 subito,
445 1027 576 1083 responso
591 1013 745 1070 litterarum
768 1026 836 1084 quas
851 1011 951 1067 tulerat
963 1024 1013 1065 aa·
1064 1011 1183 1087 quatiam
1194 1012 1355 1083 intnposita,
1384 1015 1453 1086 quad
1464 1030 1538 1069 secus
1553 1015 1586 1070 de
1599 1018 1687 1086 ignata
1713 1026 1737 1070 rt
1756 1020 1864 1073 absente

216 1096 308 1156 cepta,
324 1085 415 1141 redire
428 1084 554 1153 deberet,
570 1087 592 1141 si
604 1085 712 1141 illarum
723 1086 809 1155 gratia
823 1082 970 1208 praecipue,
986 1089 1014 1137 ct
1059 1082 1202 1153 4444444444,
1215 1099 1272 1137 cum
1292 1085 1379 1158 qratia
1397 1085 1532 1141 recessisse
1536 1125 1592 1141 .....
1613 1086 1702 1144 Paruit
1718 1087 1766 1144 444
1778 1089 1804 1143 in
1818 1089 1863 1143 ob·

218 1172 271 1211 444
284 1164 315 1211 44
328 1156 425 1212 studiis
437 1167 558 1223 vacaret,
573 1154 736 1211 inilicitum
751 1153 889 1225 proiectus
916 1151 1011 1208 uisset.
1061 1153 1168 1213 uncatis
1183 1152 1330 1221 ordinibus,
1347 1156 1420 1227 plebe
1435 1157 1555 1227 cleroque
1566 1159 1767 1224 contradicente,
1784 1160 1861 1231 iqua,-

217 1226 300 1299 CuJus
319 1229 399 1283 etiam
415 1226 482 1284 illud
495 1238 656 1300 argumento
668 1241 730 1283 csse
744 1226 854 1296 poterit,
867 1222 940 1295 4444
954 1238 1011 1278 444
1061 1240 1102 1284 ros
1121 1225 1292 1296 alienigenas,
1310 1227 1382 1282 intra
1399 1226 1515 1284 Galliam
1537 1229 1683 1285 sacerdotia
1702 1230 1861 1298 rcrrdr'casse,

218 1298 281 1354 ilico
305 1308 386 1368 44444
402 1297 464 1354 44444
483 1300 618 1365 44444444,
641 1312 801 1368 responsum
820 1295 964 1367 Augustini
977 1293 1012 1349 ad
1060 1297 1153 1372 quibus
1165 1312 1194 1351 sc
1207 1298 1259 1369 ipsi
1273 1299 1379 1371 propria
1394 1300 1545 1355 abdicavere.
1564 1302 1703 1366 sententia,
1717 1317 1814 1372 nosque
1829 1301 1863 1356 li·

217 1371 382 1442 quastianes
411 1368 703 1437 Priscillianistarum,
733 1376 762 1425 et
792 1365 1012 1438 origenistarum
1062 1368 1862 1443 cetetaliatumcarumderepaenitudinemseruti,sacer-

217 1443 391 1511 procorarit,
411 1441 460 1496 444
475 1440 567 1513 aliquo
585 1450 723 1497 transacto
736 1451 873 1509 tempore:
891 1451 953 1493 utrm
969 1436 1012 1491 ni·
1062 1440 1146 1495 domii
1165 1454 1208 1493 ear
1220 1440 1277 1494 loco
1291 1449 1315 1496 et
1326 1440 1492 1497 ordinatiore
1508 1442 1693 1500 submoaimas.
1722 1442 1751 1498 44
1770 1451 1861 1513 postc-

218 1511 318 1567 tnirurn
337 1511 639 1582 Augustinnmsidurat
656 1510 813 1580 4444444444
830 1509 866 1565 44
887 1507 948 1562 aliis
972 1505 1014 1561 di·
1062 1509 1133 1567 rinri
1155 1523 1220 1565 rero
1242 1510 1301 1567 baee
1324 1512 1362 1567 uit
1378 1529 1385 1566 2
1402 1512 1482 1569 Perus
1510 1513 1614 1569 Lazaro
1641 1514 1800 1571 compereris
1824 1525 1862 1571 err

217 1582 308 1639 standi
323 1582 543 1640 necessitatibus.
555 1584 584 1639 44
593 1597 658 1638 4444
668 1580 783 1639 Orosius
793 1581 853 1651 ipse
864 1580 890 1633 in
901 1575 1016 1660 exordio
1062 1580 1238 1636 innocentium
1252 1582 1410 1638 criminandi
1424 1600 1470 1657 per
1480 1583 1563 1638 multa
1576 1586 1699 1652 concilia,
1715 1588 1741 1640 in
1758 1584 1789 1641 S.
1805 1584 1862 1639 Bri·

215 1655 355 1720 praedictae
370 1668 426 1709 suae
446 1655 656 1710 consultationis
681 1654 808 1716 asseruit,
826 1650 881 1704 iliis
901 1649 1015 1704 uerbis:
1064 1653 1130 1706 444444
1149 1652 1331 1721 coepiscopum
1350 1666 1467 1710 nostrum
1482 1654 1619 1711 lucanica
1628 1658 1752 1721 ciuitatis,
1767 1656 1861 1711 diobo-

216 1723 371 1781 Beatissimo
391 1724 470 1780 Patri
493 1723 541 1795 44,
554 1725 641 1779 astino
664 1724 784 1796 episcopo
814 1720 933 1775 Orosius.
954 1716 1016 1773 lam
1063 1722 1131 1779 licus
1142 1732 1278 1777 accusator
1292 1725 1409 1779 inuentus
1427 1736 1510 1781 est:a
1526 1725 1642 1783 Procula
1662 1726 1820 1784 Massiliensi
1833 1728 1861 1783 in

216 1797 321 1867 qnidam
334 1812 516 1868 suggesseram
536 1744 680 1853 §auctitati
697 1803 758 1859 tucn,
782 1791 828 1848 sed
848 1789 1016 1847 commonito·
1063 1793 1163 1866 sqnoda
1179 1792 1290 1848 Taurini
1301 1798 1453 1852 sentetttiam
1470 1797 1666 1855 calunruiatoris
1688 1798 1861 1869 excepimus

216 1868 283 1920 uirum
299 1877 427 1937 anqcstoe
447 1870 483 1921 rei
499 1878 561 1922 tunc
581 1865 675 1934 offerre
688 1863 845 1930 meditabar,
861 1877 918 1916 cum
932 1870 955 1915 te
970 1876 1016 1915 ea·
1063 1863 1154 1919 eodem
1167 1862 1282 1918 Proculo
1292 1866 1323 1934 pit
1334 1882 1380 1935 per
1391 1868 1485 1922 multos
1507 1885 1589 1923 anuos
1600 1870 1720 1925 sacerdos
1731 1870 1860 1941 tyrannici

215 1939 337 2008 peditum
357 1938 462 1992 orrtuino
479 1938 512 1992 ab
533 1938 594 1992 aliis
612 1935 730 1990 dictandi
748 1932 942 1990 neccessitatibus
961 1946 1016 1985 esse
1058 1935 1165 2008 judicii,
1189 1934 1311 2005 defensor
1329 1937 1442 1992 ciuitatis
1456 1940 1625 2009 Aquensiurn,
1647 1957 1705 1995 rum
1718 1942 1860 1996 carttrairet

216 2010 366 2075 sensissem,
383 2016 435 2064 444.
453 2007 573 2078 04444444
589 2008 702 2061 materia
719 2006 774 2075 ipsa
792 2000 956 2058 Priscilliani
969 2016 1015 2058 44·
1062 2006 1175 2077 afflictio
1193 2004 1221 2060 in
1236 2006 1324 2076 ipsum
1342 2010 1518 2079 penetrabis,
1541 2020 1566 2064 et
1579 2012 1740 2066 sacerdotale
1753 2010 1859 2077 solium,

214 2095 331 2146 rorrrrn,
346 2094 395 2149 444
408 2094 460 2149 444
474 2077 554 2133 etiam
575 2078 734 2133 mittebatur
751 2074 786 2130 ab
800 2073 937 2146 444444444
952 2071 1015 2127 ilis·
1062 2076 1190 2150 sanquine
1212 2076 1358 2133 innocentis
1372 2096 1436 2153 pene
1451 2096 1596 2153 respersam
1608 2082 1703 2154 irrupit
1709 2099 1721 2150 ,·
1736 2084 1860 2154 stetitque

216 2151 318 2217 44444,
343 2150 411 2204 44444
437 2150 589 2213 4444444444,
607 2146 732 2202 orosium
756 2154 819 2201 ante
843 2159 943 2200 annum
961 2142 1012 2198 04-
1027 2150 1093 2227 Birt
1105 2165 1135 2204 ea
1148 2147 1274 2203 boetenus
1291 2150 1383 2204 umbra
1397 2151 1548 2218 sacerdotii,
1557 2154 1638 2209 donec
1649 2164 1760 2225 tqranno
1773 2152 1859 2225 imaqo

216 2220 283 2276 rnini
309 2218 363 2275 tus
383 2219 412 2274 in
437 2218 555 2275 44444444
571 2217 683 2274 missum
707 2218 804 2281 turissc;
825 2231 887 2271 nam
910 2213 1013 2270 ideirco
1064 2229 1144 2276 rturet
1165 2219 1280 2289 imperim
1304 2237 1356 2292 quo
1376 2223 1432 2277 loeo
1453 2234 1510 2288 post
1534 2226 1735 2280 internecionem
1753 2227 1859 2297 patroni

216 2292 360 2361 4444444444
377 2304 511 2357 censura,
527 2298 555 2347 44
575 2289 689 2345 Parrum
708 2288 897 2344 iliricanorum
914 2286 1014 2355 requi·
1064 2300 1193 2355 spantese
1207 2292 1290 2357 cauit,
1305 2300 1328 2345 et
1340 2293 1448 2366 propria
1462 2297 1603 2350 cessatione
1618 2312 1645 2350 se
1659 2295 1801 2350 damnauit.
1820 2295 1860 2352 De

216 2363 338 2428 rebatur,
353 2370 382 2416 ut
397 2359 430 2416 iis
442 2362 506 2417 risis
518 2358 731 2416 Priscilliauistae
746 2358 955 2427 resipiscercut3
966 2356 1013 2426 444
1065 2361 1163 2416 llerotc
1180 2376 1239 2415 oero
1257 2364 1345 2416 omnia
1362 2365 1480 2431 similia,·
1499 2366 1569 2419 idern
1583 2375 1719 2437 tqranaus,
1731 2375 1857 2436 patronus

216 2442 309 2489 tamen
323 2446 396 2488 anno
412 2431 542 2501 praedicto
555 2430 675 2486 conuicti
694 2440 722 2485 et
735 2428 853 2485 coniessi
868 2426 902 2483 ad
917 2441 1014 2496 pacem
1064 2432 1152 2502 cadis,
1167 2430 1250 2487 turba
1261 2431 1465 2505 presbyterorum
1477 2436 1726 2504 contradicentium,
1736 2437 1857 2503 4444444,

217 2503 332 2559 admissi
345 2514 407 2559 sunt
418 2503 445 2559 in
457 2504 574 2559 coneilio
591 2504 623 2559 40
635 2502 825 2572 cpiscoporum
840 2498 931 2554 Toleti
942 2500 1014 2554 eele-
1064 2512 1088 2558 et
1103 2502 1239 2568 custodia,
1258 2511 1284 2557 et
1300 2510 1379 2559 totius
1396 2506 1509 2560 ciuitatis
1525 2505 1658 2573 addictia,·
1674 2504 1768 2560 44444444
1783 2523 1860 2575 prena

216 2575 419 2649 bratoldcquo
433 2590 483 2629 suo
500 2576 560 2632 loco
574 2572 698 2646 aguntus)
717 2579 745 2627 et
758 2584 867 2626 errores
882 2571 934 2639 ipsi
948 2585 1011 2624 eon·
1064 2572 1097 2628 de
1117 2572 1279 2629 abdicatione
1302 2576 1452 2632 sacerdotii.
1473 2575 1528 2632 Sed
1547 2591 1627 2648 qnam
1649 2576 1781 2633 rrtcrrdosc
1800 2578 1859 2633 bae

218 2645 313 2717 sopiti,
330 2660 416 2716 usqne
430 2646 464 2700 ud
485 2660 585 2701 annunt
607 2641 709 2699 Cirristi
726 2641 798 2709 448,
819 2655 874 2711 444
894 2641 1013 2709 repullu-
1063 2646 1155 2700 omnia
1178 2643 1206 2699 44
1222 2655 1332 2701 sanctos
1346 2646 1490 2715 episcopos
1505 2646 1539 2702 ad
1554 2648 1722 2703 erudientium
1742 2646 1858 2703 Romani

218 2717 307 2773 lantes
322 2728 419 2788 agente
434 2728 529 2772 saneto
541 2715 655 2772 4444444
672 2714 837 2769 4444444444
853 2713 879 2766 44
895 2711 1013 2767 44444444
1064 2715 1201 2786 pontilicis
1217 2714 1299 2771 444444
1314 2716 1424 2783 iruerint,
1443 2717 1469 2773 44
1489 2719 1555 2774 satis
1570 2719 1720 2784 convincit,
1739 2718 1811 2788 qnod
1829 2718 1857 2774 in

217 2787 351 2845 Toletano
377 2789 440 2842 4444
473 2787 580 2843 bantini
607 2784 661 2841 448
691 2785 798 2839 tandem
832 2790 1011 2839 evanuerunt.
1063 2785 1251 2842 defensionem
1267 2785 1368 2858 Pelagii
1381 2798 1407 2845 et
1421 2789 1540 2845 Coeiestii
1554 2789 1745 2846 hereticorum
1758 2789 1858 2847 littera

217 2859 308 2929 Quare
322 2858 496 2915 manifestum
508 2858 537 2913 44
549 2857 634 2914 444444
644 2864 709 2911 4444
722 2872 786 2911 ann.
803 2854 868 2919 tlt.
878 2853 951 2935 4444
966 2853 1011 2909 4444
1065 2858 1072 2912 4
1094 2873 1131 2912 sa
1145 2857 1255 2928 sariptae
1275 2869 1356 2926 sunt;
1378 2869 1405 2916 et
1420 2876 1600 2930 quaestumque
1624 2860 1675 2933 ipsi
1700 2869 1793 2917 444444
1813 2876 1859 2917 44·

218 2930 406 2999 existimant,
437 2930 562 2985 04444444
591 2930 618 2983 44
647 2927 765 2982 alricum
799 2939 1011 3006 commigrasse;
1065 2929 1180 2985 trolicos
1203 2929 1339 2987 antistites
1366 2932 1439 2987 malo
1463 2933 1527 2987 dala
1550 2942 1747 3004 suggesserunt
1769 2932 1798 2988 in
1823 2933 1858 2989 iis

218 3001 304 3057 immo
327 3012 392 3057 ante
414 3000 487 3065 ⁴⁰3.
504 3012 531 3058 et
547 3000 619 3071 quod
634 2998 732 3054 rationi
755 2998 872 3052 44444444
888 3007 1013 3065 congrum
1063 3001 1249 3056 eontinentur.
1276 3000 1355 3070 Quod
1378 3002 1401 3057 si
1426 3003 1562 3059 eatlmllco
1584 3004 1711 3075 scriptori
1731 3003 1858 3060 standum

219 3071 314 3129 ltcsni
327 3074 477 3138 sententia,
493 3074 538 3143 444
553 3087 617 3127 enm
633 3085 697 3124 ann.
709 3069 762 3125 400
773 3070 873 3123 asserit
885 3068 1010 3135 ntissurn,
1063 3080 1116 3137 ost,
1132 3087 1196 3127 ecee
1216 3072 1335 3143 Prosper
1356 3073 1382 3127 in
1398 3074 1534 3130 clrrnnico
1555 3076 1613 3129 444
1636 3074 1732 3129 scrinis
1753 3075 1787 3130 rte
1806 3075 1859 3131 tte.

219 3154 361 3215 postquam
377 3144 505 3199 videlieet
527 3145 554 3199 in
568 3141 812 3210 Caesaraugustam
827 3137 942 3194 44444444
954 3138 1014 3193 Pri·
1063 3150 1147 3199 rote:
1169 3142 1256 3204 lieres
1276 3145 1315 3197 uir
1340 3154 1445 3199 sanctus
1467 3145 1533 3199 beati
1558 3143 1667 3199 llartini
1693 3144 1857 3217 discipulus,

219 3214 388 3272 scilliatristne
408 3214 528 3270 damnati
553 3214 679 3279 irrorant;
697 3210 784 3281 ,cnjus
807 3219 871 3266 octo
893 3221 1012 3264 4444444
1062 3228 1122 3266 cum
1135 3212 1388 3284 Arelatcnrioppido
1403 3215 1539 3285 episcopus
1571 3215 1859 3297 resideret,apopulo

219 3284 332 3343 0444444
347 3288 447 3342 dieitur
457 3294 623 3356 asportasse.
1064 3284 1147 3352 ipsius
1182 3284 1291 3339 ciuitatis
1317 3286 1426 3350 insons,
1451 3294 1477 3339 ct
1507 3232 1588 3339 nullm
1622 3285 1859 3339 imtrnutanam'tur

254 3357 314 3413 lam
334 3373 400 3414 uero
415 3358 562 3414 subsistere
578 3354 682 3423 444444,
698 3352 770 3423 4444
783 3352 817 3407 44
839 3349 970 3491 Eutropio
986 3355 1014 3406 el
1065 3354 1158 3409 rroaius
1168 3350 1260 3425 pulsus
1271 3364 1329 3409 est:
1343 3356 1420 3426 inque
1431 3357 1486 3427 ejus
1500 3357 1582 3409 lacum
1597 3355 1735 3410 Patroclus
1751 3354 1859 3409 ordina·

220 3426 305 3485 Paulo
318 3430 454 3501 episeopis
473 3430 573 3484 missus
595 3426 694 3490 luerim
712 3426 769 3492 ipse
791 3437 908 3491 namque
935 3422 1013 3489 eujus
1065 3433 1118 3491 tur,
1131 3426 1268 3489 emicunet
1282 3425 1420 3494 familiaris
1439 3425 1586 3481 Constantii
1601 3426 1719 3499 rrraqistrr'
1733 3426 1857 3491 militum,

221 3501 379 3556 testimonio
406 3502 549 3555 dumtaxat
576 3499 685 3554 illorum
715 3496 838 3550 trotitiam
867 3492 1012 3564 4444444444)
1065 3499 1140 3569 44444
1161 3513 1207 3567 prr
1228 3497 1313 3565 ipsum
1336 3498 1421 3568 qratia
1439 3497 1626 3567 quaerebatur,·
1646 3499 1859 3581 coqueresr'nter

221 3586 274 3627 noa
288 3571 387 3627 asserit
400 3588 431 3627 se
445 3572 479 3625 ab
494 3573 527 3626 iis
547 3569 583 3626 ad
598 3567 781 3639 Augustianos
792 3566 941 3631 directum,
963 3564 1012 3618 sed
1026 3540 1048 3603 C
1065 3569 1199 3640 episcopos
1208 3569 1401 3641 regionisiilins
1412 3584 1566 3642 magnarum
1575 3569 1765 3624 discordiarum
1778 3585 1859 3624 causa
1943 3628 1951 3638 g

221 3643 293 3715 4444
307 3655 449 3713 postumam
465 3644 524 3713 ipse
539 3651 645 3710 tempus
660 3639 767 3708 aliquod
782 3637 852 3707 aqud
867 3651 929 3691 curn
949 3649 1013 3691 444·
1065 3640 1124 3710 suit.
1148 3641 1280 3696 similiter
1302 3640 1407 3697 Lazaro
1433 3641 1567 3697 accidisse
1586 3641 1698 3696 4444444
1724 3656 1779 3698 444
1804 3649 1857 3709 444,

221 3723 315 3783 gerat,
331 3715 434 3770 44444444
454 3729 520 3769 4444
536 3714 569 3767 44
595 3709 775 3782 4444444444
796 3709 961 3772 4444444444,
979 3707 1013 3762 44
1064 3725 1127 3766 eum
1144 3711 1240 3766 eadem
1254 3710 1289 3767 44
1303 3722 1421 3784 utroque
1436 3711 1585 3769 Coelcstius
1605 3711 1716 3768 Zosimo
1732 3726 1861 3768 narrare-

221 3785 315 3841 c'adcm
335 3801 377 3853 rc,
401 3786 453 3841 ulia
469 3794 545 3841 certe
569 3785 648 3853 longe
668 3782 730 3845 vio;
748 3795 809 3835 nam
823 3794 856 3834 eo
871 3784 1013 3847 eorrtpurto
1066 3781 1111 3835 rit.
1128 3780 1219 3837 Senrel
1233 3796 1298 3838 4444
1313 3783 1424 3839 sedibus
1434 3784 1491 3838 sois
1503 3783 1650 3849 abdicatis,
1665 3783 1700 3836 44
1715 3782 1858 3852 4444444444

222 3855 335 3913 Orosius
348 3859 406 3926 4444
422 3857 559 3927 negotium
573 3853 690 3911 celerius
700 3849 828 3922 expedire
840 3851 956 3904 curarit.
974 3848 1013 3902 En
1066 3852 1094 3906 in
1104 3848 1293 3906 Catlralonianr
1309 3856 1459 3922 proximam
1473 3853 1639 3923 prouinciam
1654 3860 1857 3920 concesserunt,

224 3929 305 3983 44444
320 3928 406 3999 444444
420 3928 510 3983 (brosii
527 3924 609 3981 :iarn
628 3923 734 3996 quidem
751 3934 929 3993 suqqesserum
945 3919 1014 3974 San·
1067 3921 1159 3993 ibique
1175 3922 1261 3978 444444
1274 3922 1308 3976 44
1326 3923 1534 3990 0444444444444,
1549 3922 1668 3977 Lazarus
1683 3937 1748 3977 4444
1763 3922 1796 3977 44
1814 3920 1858 3977 44-

223 3999 307 4054 ctitati
321 4008 390 4067 tac,
405 4000 451 4054 scd
462 3997 689 4054 caurnranitorinm
702 4001 829 4065 suqqcstcc
841 3992 878 4044 rei
898 3990 1013 4060 tuncas—
1066 4007 1176 4049 cerrsem
1193 3993 1272 4049 444444
1292 3993 1379 4062 44444,
1405 4004 1433 4048 44
1453 3994 1553 4049 Dexter
1572 3992 1688 4047 scribit:
1703 4001 1732 4049 et
1749 3993 1858 4064 44444-

223 4069 288 4141 [erre
307 4071 466 4137 medimbar,
488 4086 547 4124 curn
569 4078 592 4123 te
609 4066 758 4139 expeditum
772 4064 877 4119 ansuino
897 4061 929 4114 ab
956 4061 1015 4115 altis
1067 4065 1138 4119 stola
1151 4064 1260 4120 eorrcllii
1272 4061 1496 4134 carthaginensis
1510 4064 1544 4120 ad
1558 4064 1744 4131 innocentium
1759 4081 1856 4135 444444

222 4133 952 4204 dictandiaccessitatibusessesensisscm.Scdquoniam
961 4130 1015 4185 L'o·
1067 4135 1195 4206 scriptam
1220 4136 1336 4192 babetur
1350 4136 1435 4192 luisse
1456 4135 1632 4207 in1lispania
1653 4137 1814 4207 episcopos,
1829 4147 1859 4192 ut

224 4212 285 4268 mirri
298 4215 348 4269 mei
359 4212 410 4283 filii
422 4217 459 4270 tui
472 4212 625 4282 Eutropius,
637 4219 660 4265 et
674 4206 775 4261 Paulus
785 4206 909 4277 episcopi,
924 4205 1015 4259 cariem
1064 4204 1120 4276 iam
1148 4207 1247 4262 444444.
1263 4206 1399 4265 ceterum
1426 4208 1479 4263 4444
1504 4223 1577 4263 antro
1597 4207 1651 4263 400
1675 4209 1807 4275 nandum,
1831 4218 1860 4262 ut

223 4292 361 4356 quaetha
371 4302 435 4357 puer
449 4295 529 4342 uester
542 4282 634 4336 salutis
644 4280 760 4333 omnium
770 4277 882 4332 utilitate
893 4276 1013 4357 permoti,
1067 4276 1161 4343 44444,
1179 4286 1318 4335 venerant·
1332 4280 1359 4334 in
1372 4280 1545 4349 ttispaniarm
1560 4286 1588 4335 44
1609 4279 1709 4336 4444444
1726 4295 1787 4336 4444
1810 4295 1860 4335 444

223 4358 447 4411 commonitorium
463 4360 522 4431 jum
546 4355 671 4408 44444444
698 4350 729 4404 dc
747 4349 887 4420 aliquantis
911 4347 1016 4400 iroeresr·
1067 4347 1267 4404 Dcrrlrosununr
1279 4359 1307 4406 et
1321 4348 1464 4406 4444444444
1478 4361 1555 4406 44444
1569 4351 1724 4420 episcopos,
1740 4350 1774 4405 ad
1791 4360 1860 4405 tenr-

224 4424 280 4493 bus,
297 4438 350 4483 etc.
378 4427 470 4496 Vides,
488 4432 582 4489 444444,
603 4422 716 4479 Paulum
733 4430 760 4476 et
780 4418 938 4488 Eutropium
961 4432 1014 4472 non
1068 4434 1119 4489 444
1131 4435 1186 4489 444
1201 4420 1338 4476 scribebat
1357 4421 1584 4489 44444144οηί444
1607 4422 1731 4491 respicit,
1749 4435 1802 4474 aaa
1825 4420 1859 4473 44

225 4497 332 4554 nrisissc
352 4498 477 4554 04444444
501 4499 535 4552 44
553 4490 808 4565 Augustinorum
830 4489 913 4562 (quod
936 4489 1016 4558 longe
1068 4505 1169 4546 annum
1191 4492 1334 4562 legationis
1355 4493 1464 4549 orosii:
1480 4493 1551 4547 4444
1571 4492 1652 4547 44444
1668 4492 1724 4559 4444,
1743 4490 1860 4555 llerotis,

224 4568 360 4625 4444444444
375 4571 428 4642 est)
447 4587 495 4641 per
514 4568 596 4623 aliurn
612 4561 807 4620 internuntium
822 4564 857 4617 44
872 4560 967 4616 eadent
986 4575 1016 4613 44
1068 4560 1185 4632 inquam,
1199 4560 1367 4630 Dertbosani,
1380 4573 1448 4631 cte,
1465 4564 1537 4618 lrurtc
1556 4577 1666 4617 setrsurn
1681 4563 1758 4631 quasi
1775 4570 1861 4615 matc-

224 4642 311 4711 egisse
324 4655 387 4695 cum
400 4641 565 4714 Augustino.
582 4635 755 4704 Relinquitur
769 4648 835 4702 ergo
850 4634 926 4687 iocus
941 4630 1015 4700 pusi·
1069 4631 1162 4687 4444444
1178 4632 1305 4701 4444444,
1322 4633 1442 4700 44444444,
1459 4633 1579 4703 inquam,
1594 4633 1640 4703 qui
1651 4647 1725 4690 rrunc
1739 4640 1782 4687 est
1793 4631 1860 4686 044-

225 4711 290 4766 44444
306 4712 410 4781 Dextri,
433 4715 478 4784 qui
499 4712 627 4766 04444444
649 4706 683 4761 44
704 4704 811 4760 4444444
826 4709 886 4771 (444
905 4704 1016 4766 4444444,
1070 4702 1211 4767 tlrnsanus,
1232 4710 1286 4759 444.
1303 4704 1342 4760 De
1362 4704 1511 4759 Prudentia
1536 4703 1603 4757 nilril
1617 4702 1691 4757 aliud
1711 4702 1799 4759 babeo
1819 4701 1862 4756 di·

224 4790 252 4837 nt
271 4782 319 4837 alii
335 4794 432 4839 rocam
449 4786 458 4854 )
474 4786 577 4840 lazaro
597 4786 625 4835 44
641 4776 788 4833 Prudentia
803 4773 939 4846 episcopis
954 4773 1018 4828 ntis·
1070 4788 1149 4839 ecre,
1173 4772 1224 4828 nisi
1252 4774 1324 4843 quod
1346 4774 1397 4830 4444
1423 4774 1568 4831 ilerdensis
1594 4774 1757 4842 episeopus,
1788 4773 1860 4841 4444

225 4868 284 4908 snm
305 4854 464 4911 contendit:
485 4854 557 4926 4444
582 4866 650 4906 sane
674 4858 728 4902 tarn
753 4862 845 4902 uerum
866 4854 925 4910 444,
947 4854 977 4899 44
991 4843 1017 4897 44
1072 4843 1170 4899 Dentur
1184 4843 1288 4900 scribit.
1313 4844 1397 4918 igitur
1407 4846 1452 4918 444
1468 4855 1562 4915 444444
1575 4845 1709 4901 acerrime
1723 4843 1862 4913 Pelagium

224 4927 365 4993 4444444444
391 4928 482 4982 444444
502 4922 668 4993 expresserit
691 4918 835 4975 concilium
851 4916 938 4987 ipsum
952 4916 1017 4970 car·
1033 4925 1098 4991 Det
1109 4913 1268 4972 Coelestium
1282 4921 1417 4988 persecuti
1437 4927 1521 4984 sunt,
1539 4918 1614 4987 44444
1628 4931 1736 4986 444444
1750 4916 1861 4972 Priscil-

226 4995 384 5068 tlraginenso
399 4999 425 5051 in
441 4996 558 5067 epistola
568 4993 601 5049 44
614 4992 801 5048 Innocentium
817 5003 925 5059 444444,
940 4986 1017 5058 cujus
1071 4986 1197 5043 lianistus
1222 4996 1250 5043 et
1263 4988 1431 5060 0444444444
1445 4992 1545 5046 4444444
1561 4987 1762 5058 impugnarunt.
1777 4987 1863 5043 Porro

226 5068 385 5123 44444444
402 5068 579 5125 adducemus.
596 5064 679 5118 Porro
699 5065 732 5118 44
755 5062 854 5116 4444444
876 5068 903 5114 44
916 5058 1018 5113 Lazaro
1071 5073 1166 5115 earum
1181 5058 1357 5130 epistolarum
1375 5070 1472 5117 contra
1492 5059 1632 5129 Pelagium
1654 5066 1683 5114 et
1704 5059 1862 5114 Coelcstiut'n

226 5153 321 5209 tnagna
342 5139 373 5194 ut
392 5140 522 5197 44444444
542 5136 681 5192 aLosimo
702 5132 825 5189 liotnano
840 5130 968 5202 44444044
991 5129 1017 5182 444
1071 5129 1107 5186 44
1129 5129 1229 5187 4444444
1248 5141 1275 5187 44
1295 5132 1399 5188 Lazaro
1419 5134 1592 5203 scriptarum,
1617 5137 1644 5186 44
1665 5144 1713 5200 444
1735 5130 1863 5186 04444444

227 5209 336 5276 litteris,
360 5227 428 5281 quas
447 5211 580 5267 baronius
600 5205 744 5263 intumi
763 5203 862 5259 Arroni.
875 5217 908 5257 es
924 5198 1018 5254 444444
1071 5199 1207 5258 4444444444
1218 5203 1354 5275 episeopis
1369 5204 1505 5269 datarum,
1518 5203 1620 5257 mentio
1635 5200 1749 5256 4444444
1762 5202 1789 5257 44
1804 5200 1862 5270 444-

227 5295 278 5338 ms.
294 5281 431 5338 44444444,
446 5281 618 5339 bibliothecae
633 5278 780 5344 transtulit,
799 5284 828 5330 ot
840 5292 872 5330 44
883 5273 1017 5341 Prospero
1073 5273 1143 5328 44444
1163 5272 1272 5328 44444444
1296 5275 1519 5346 carthaginensis
1543 5272 1577 5327 44
1603 5272 1790 5329 introeuntium
1814 5287 1861 5341 pa·

227 5353 387 5425 4444444444
402 5353 430 5408 44
443 5352 545 5409 cirron.
560 5366 594 5408 ex
611 5347 710 5421 quibus
728 5347 812 5418 liquet
832 5346 942 5403 4444444
958 5343 1018 5398 4444
1073 5357 1147 5413 pam,
1163 5358 1225 5413 quae
1241 5342 1310 5399 inter
1326 5346 1467 5416 Augustini
1480 5352 1524 5401 444
1537 5343 1592 5402 904
1608 5342 1645 5398 444
1656 5346 1729 5399 enirn
1740 5343 1860 5399 dieitur:

227 5438 325 5497 uragm
342 5425 500 5482 caelestium
516 5423 672 5478 hereticum
692 5429 849 5489 4444444444
870 5418 975 5481 inissa,
992 5420 1019 5470 44
1073 5414 1138 5469 Lam
1151 5429 1183 5468 ca
1194 5431 1265 5469 arare
1282 5415 1317 5468 ad
1335 5414 1566 5489 Cartbaqinensem
1582 5412 1728 5470 Ecclesiam
1741 5411 1862 5468 soterrmi·

226 5511 257 5552 aa
274 5505 385 5567 4444444
399 5498 434 5553 44
453 5498 513 5568 4444
529 5494 599 5565 apud
614 5492 752 5547 Losimutn
776 5490 942 5546 444444444444
963 5485 1018 5542 444·
1073 5493 1113 5541 444
1130 5485 1306 5553 emissemus,
1327 5497 1406 5559 atque
1424 5503 1456 5543 ea
1472 5486 1580 5543 diuersis
1599 5487 1685 5541 causis
1706 5490 1863 5604 conqrequta

226 5580 394 5636 cumuentos,
407 5568 444 5624 444
455 5579 495 5636 44,
504 5566 632 5623 Caelestia
642 5563 784 5628 suadente,
792 5574 887 5632 magna
898 5560 933 5616 44
944 5564 1019 5612 utro-
1070 5572 1104 5612 ea
1116 5555 1189 5611 nobis
1203 5557 1319 5628 squados
1336 5556 1482 5625 baberetur,
1497 5558 1685 5629 compresbyter
1698 5565 1783 5609 noster

226 5654 280 5711 quo
298 5639 412 5695 erimina
427 5638 548 5711 pontifex
571 5637 734 5701 crediderit;
755 5644 783 5688 44
808 5633 834 5688 44
858 5629 943 5702 priori
958 5628 1017 5698 cpi·
1069 5628 1124 5684 sius
1139 5627 1213 5683 nobis
1232 5628 1331 5685 litteras
1349 5638 1498 5685 sanctorum
1515 5630 1627 5700 fratrum
1648 5640 1672 5683 cr
1690 5620 1861 5680 consacerdo-

226 5709 298 5766 stola
312 5711 345 5765 ad
364 5713 515 5776 Aurelium,
540 5716 568 5764 et
586 5708 729 5779 444444444
752 5705 851 5760 siricae
870 5701 932 5757 data
951 5701 1017 5756 suri·
1071 5708 1286 5755 tumnostrarnm
1302 5701 1388 5766 dedit,
1401 5700 1509 5756 44444444
1523 5707 1547 5753 44
1562 5697 1672 5761 Laaari,
1684 5708 1793 5764 44444444
1804 5692 1859 5762 sor·

226 5782 454 5853 pscritLosimus
469 5799 476 5836 :
491 5783 532 5837 Ad
548 5778 648 5835 litteras
668 5777 811 5833 lierotiset
828 5773 923 5828 Laauri
938 5774 1019 5844 priori
1070 5788 1139 5827 mam
1170 5772 1211 5826 bis
1234 5772 1411 5827 constituimus
1438 5788 1493 5829 esse
1521 5768 1698 5831 subdendam,
1727 5773 1781 5819 ctu.
1805 5761 1860 5821 sel

203 5854 352 5922 ‚relatione
380 5854 522 5912 destitutos
550 5852 725 5922 (scripseram
748 5847 786 5902 4444
812 5848 846 5901 ad
876 5843 1019 5899 4444444444
1071 5841 1402 5912 44444444444444444444.
1603 5908 1609 5919 ,
1672 5906 1678 5918 ,

227 5933 324 5982 cutura
343 5926 480 5998 Pelagium
494 5933 521 5983 et
535 5919 704 5993 cusentum)
717 5918 833 5993 equidem
856 5915 905 5975 boc
921 5918 1019 5990 [amore
1106 5913 1240 5972 Caetrmm
1255 5921 1285 5971 ut
1297 5914 1333 5972 de
1352 5912 1512 5986 ilrigcuistls
1528 5906 1630 5981 aliquod
1653 5908 1796 5973 tucamur,
1814 5921 1860 5964 44·

1819 5566 1945 5603 44·-
