4192 6434
228 367 283 428 823
742 368 981 432 utsuotttuttuu
1000 368 1103 430 utusu
1121 367 1165 427 tu.
1185 366 1264 428 CAP.
1283 363 1343 425 tiu.
1824 360 1880 425 did

229 481 409 557 perpetiendo
423 490 591 551 senscrunt,
615 483 690 555 prim
706 485 757 555 ipsi
772 501 827 543 non
846 488 1028 560 praesentibus
1040 489 1067 549 tt
1080 485 1091 517 ⁸
1105 498 1252 557 numquam
1268 491 1360 539 autem
1376 479 1451 553 capi,
1467 486 1515 537 ιιι
1528 478 1562 536 ad
1577 476 1746 539 deditionem
1759 480 1819 553 copi
1831 496 1880 555 po·

230 577 382 651 praeterita,
395 575 417 611 ¹⁸
430 578 479 635 sed
503 577 588 650 gestis
609 588 684 650 qesta
705 592 886 653 comparent:
907 584 987 656 170
1002 590 1030 639 et
1081 576 1167 632 tuisse
1192 573 1345 631 coruscabat.
1365 570 1407 628 ita
1420 570 1567 637 Samnites,
1583 570 1696 629 victoria
1712 571 1801 645 potiti,
1815 574 1878 631 uni·

231 681 349 744 utraque
374 686 408 728 es
422 672 539 741 auditu,
555 672 578 707 ¹⁸
590 674 665 731 velut
677 676 746 732 certi
766 676 920 733 alienorum
933 678 1028 733 arbitri
1079 686 1188 728 versum
1203 670 1354 728 exercitum
1368 668 1522 726 Bouianum
1536 668 1652 741 turpiter
1670 678 1778 741 captum
1794 670 1878 727 armis

230 762 366 835 judicent,
382 778 432 835 per
445 764 541 836 viginti
556 765 678 837 quinque
689 782 778 824 annos
793 768 916 825 incendia
930 769 1030 824 eivita-

231 864 299 922 tum,
314 854 422 914 excidia
437 855 591 925 beliorum,
608 858 795 929 subjectiones
811 861 1027 932 prouinciarum,

228 946 320 1003 cuades
331 945 493 1007 immicum.
510 963 593 1020 opum
609 949 743 1021 rapinas,
760 951 869 1020 praedas
883 967 1025 1022 pecorum,

230 1049 401 1099 tuortuorum
435 1040 607 1098 venditiones
632 1042 858 1116 captivitatesque
888 1045 1024 1113 vivarum,

230 1132 310 1191 utrius
323 1132 397 1206 repis
411 1134 433 1167 ¹¹
452 1133 538 1202 imus,
553 1134 674 1204 teroem,
689 1144 717 1192 et
730 1136 888 1194 dominatus
901 1137 1026 1209 agitarit.

1079 764 1161 821 etiam
1181 762 1407 834 vestimentisque
1422 760 1573 829 uariatum,
1588 770 1694 818 tantum
1709 763 1823 835 singulis
1837 764 1879 821 vi·

1080 858 1195 914 iioribus
1206 855 1385 928 operimentis
1396 854 1431 911 ob
1451 854 1604 911 verecunda
1620 870 1767 927 corpnrum
1782 865 1877 929 tegen-

1079 949 1114 1006 da
1126 950 1276 1015 concessis,
1287 948 1339 1006 sub
1356 948 1451 1020 iugum
1464 948 1578 1005 missum
1593 947 1757 1020 servitioque
1766 948 1877 1020 subjee-

1079 1049 1148 1108 tunr,
1169 1042 1280 1114 iungam
1304 1055 1385 1113 apere
1407 1057 1516 1115 pompae
1531 1040 1654 1097 ordinem
1677 1027 1875 1113 praeceperunt.

1079 1132 1318 1191 Sescentisautem
1335 1133 1471 1205 equitibus
1485 1133 1616 1189 Romanis
1629 1133 1655 1188 in
1668 1132 1821 1191 obsidatum
1834 1151 1877 1194 re·

1078 1225 1876 1298 ceptis,oneratosipnomiuia,ceterisrebusvucuos,eon·

1078 1319 1152 1375 sulus
1159 1320 1332 1377 remiserunt.
1342 1319 1414 1388 Quid
1422 1317 1651 1392 deexaqqemnua
1662 1321 1742 1393 liuius
1755 1322 1876 1380 itedissi·

1078 1413 1115 1467 mi
1131 1410 1243 1469 ioederis
1254 1411 1651 1485 maculaverbisiaborem,qui
1663 1422 1754 1471 tacere
1763 1414 1876 1471 maluis-

527 1287 641 1348 catut
663 1289 720 1348 XV.

223 1420 360 1483 Sauruim
379 1420 557 1477 Romanorum
576 1424 665 1495 copias
683 1426 798 1498 capiunt.
820 1426 933 1483 Rorrauni
947 1429 1027 1484 ictum

351 1496 436 1565 ledus
448 1504 584 1567 rumpunt,
598 1496 731 1553 Satricum
744 1508 907 1569 anpupumu.
1078 1521 1136 1562 seur
1150 1505 1162 1560 l
1178 1504 1264 1560 iiodie
1288 1504 1363 1560 enim
1377 1504 1494 1561 domani
1507 1513 1554 1560 aut
1572 1505 1684 1562 omnino
1703 1521 1758 1562 nou
1773 1516 1875 1577 essent,

1077 1605 1126 1653 aut
1140 1596 1252 1653 Samnio
1272 1595 1430 1652 dominante
1454 1597 1600 1661 servirent,
1614 1597 1637 1653 si
1653 1597 1734 1654 iidem
1750 1598 1874 1669 ioederir,

263 1673 427 1733 sufficerem
452 1675 504 1731 ¹⁸¹²
529 1676 563 1732 ad
586 1677 742 1749 exemplum
757 1679 930 1737 miseriarum
953 1681 1028 1738 iusi-
1077 1707 1159 1762 quam
1173 1691 1224 1746 sibi
1247 1690 1354 1747 servari
1374 1705 1389 1744 a
1407 1689 1538 1760 subjectis
1552 1691 1666 1759 vuirunt,
1686 1691 1737 1763 ipsi
1760 1691 1877 1761 subiecti

227 1776 312 1823 ”⁰³¹³
327 1768 468 1824 mimmii}
481 1777 667 1840 ¹¹⁰⁸²lae8⁰⁸¹³
677 1785 725 1840 lei
736 1771 902 1844 pluuium,
917 1773 1025 1831 etiamsi
1078 1782 1247 1839 Samnitibus
1260 1782 1460 1839 servavissent.
1474 1782 1628 1840 Posteriore
1641 1798 1714 1840 anno
1726 1785 1877 1858 inirinqnnl

225 1859 385 1916 Alexander
409 1860 435 1917 ei
460 1875 515 1918 nou
534 1862 714 1918 successisset
737 1862 764 1918 iu
790 1878 915 1935 regnum.
943 1864 1025 1937 Cujus
1040 1875 1193 1938 Burmanni
1209 1876 1342 1931 firmatam
1362 1888 1424 1932 qum
1439 1874 1608 1932 Samnjqpqq
1623 1872 1799 1949 pactionem,
1814 1894 1877 1937 ρος.

226 1951 313 2018 liclia,
327 1953 411 2009 immo
423 1954 474 2010 sub
488 1954 566 2026 cuius
576 1954 655 2012 bellis
667 1956 762 2013 nruudi
776 1958 849 2014 maia
863 1958 959 2017 ordine
978 1975 1024 2017 se·
1075 1983 1131 2039 qne
1144 1968 1172 2024 iu
1185 1966 1283 2025 beilum
1293 1976 1407 2040 coguut,
1422 1969 1434 2001 ⁶
1447 1969 1520 2042 quod
1540 1969 1658 2043 Papprie
1671 1972 1786 2030 consule
1808 1972 1876 2027 inst.

223 2045 338 2115 quentia
346 2046 483 2115 suspendo
492 2047 640 2120 paulisper,
653 2058 682 2107 ut
691 2049 717 2106 in
731 2050 782 2107 boc
794 2051 854 2107 ioco
863 2067 1024 2124 proeonvc·
1074 2070 1164 2120 sterria
1176 2064 1363 2134 commissum,
1378 2079 1490 2137 magnas
1502 2074 1608 2138 strages
1630 2065 1772 2139 utriusque
1785 2067 1877 2139 pupuli

225 2139 894 2213 nieutiatemporum,iiomanasubjiciaun.¹Auno
905 2145 1023 2205 abilrbe
1075 2156 1160 2213 dedit.
1175 2153 1297 2231 Cumque
1313 2157 1376 2215 binc
1387 2156 1427 2213 ira
1438 2158 1559 2214 recentis
1570 2157 1699 2225 inianriae,
1716 2158 1876 2231 indeptoria

224 2233 335 2291 conditu
357 2248 490 2291 ceccaum
511 2232 647 2292 Caudinas
670 2235 792 2294 iureulas
813 2239 881 2295 satis
899 2241 1023 2298 celebres
1075 2249 1206 2322 proximan
1218 2250 1341 2307 victorin.
1356 2252 1532 2322 pugnantesl
1553 2249 1750 2322 instimularet,
1767 2253 1876 2310 tandem

225 2334 254 2382 0⁸
267 2324 399 2393 famosi&
412 2326 526 2399 insignis
539 2328 725 2385 R⁰¹⁰³¹¹⁰i¹¹¹¹¹
742 2329 940 2420 [eiii-infimi&
955 2333 1023 2389 Num
1077 2344 1192 2401 Romani
1206 2344 1382 2416 pertinaciter
1408 2344 1552 2400 moriendo
1566 2344 1711 2401 vicerunt:
1736 2360 1787 2402 uec
1806 2344 1876 2402 cadi

228 2434 291 2475 cum
306 2419 450 2491 superiore
462 2420 1024 2494 bettotrtqinttmittinsmnniunmunbio
1076 2435 1179 2508 pariter
1190 2436 1234 2493 rei
1248 2436 1355 2493 caedere
1367 2434 1545 2505 destiterunt,
1562 2436 1614 2493 nisi
1633 2445 1776 2509 postquam
1795 2436 1876 2494 uictis

227 2512 358 2583 magistro
375 2512 497 2582 equitum
515 2529 631 2584 puguant
648 2526 822 2586 conserente,
844 2518 1022 2590 cecidissent,
1075 2524 1255 2591 Samnitibus,
1269 2525 1281 2557 ⁸
1293 2534 1321 2579 ct
1339 2534 1419 2597 capto
1433 2524 1495 2580 dttei
1516 2538 1623 2591 eorum,
1633 2524 1729 2596 jugum
1745 2538 1876 2595 reposue-

224 2602 537 2685 cireumspeetiorecum
549 2605 686 2664 Samnites
696 2609 963 2681 senungisiustrueto
973 2628 1022 2684 ap·
1076 2625 1150 2674 runt.
1169 2618 1249 2692 100
1264 2617 1337 2674 idem
1347 2617 1444 2674 deinde
1457 2616 1590 2690 Papyrius
1600 2616 1746 2684 Satricum,
1761 2617 1876 2688 expulso

226 2706 323 2768 paratu
335 2697 406 2767 apud
417 2696 555 2754 Caudinas
571 2699 891 2771 iureulasconsedcrunt,
905 2703 950 2759 ubi
961 2721 1024 2761 cum
1076 2712 1140 2768 iude
1155 2710 1305 2768 Sauudtico
1321 2709 1462 2782 presidio,
1477 2709 1658 2781 expugnavit,
1677 2720 1705 2765 et
1723 2709 1805 2781 cepit.
1826 2709 1876 2767 iiie

227 2792 328 2866 179⁸
349 2792 490 2849 Veturium
502 2802 530 2849 et
540 2792 709 2851 Postumium
722 2796 860 2862 eonsules,
874 2812 1025 2870 omnesque
1075 2814 1167 2859 autem
1179 2802 1312 2873 Papyrius
1327 2801 1396 2857 adeo
1410 2809 1475 2857 tuoe
1484 2800 1556 2873 apud
1570 2799 1709 2857 Romanos
1721 2800 1875 2858 bellicosis·

224 2883 318 2955 copias
329 2883 512 2941 Romanorum
524 2886 655 2956 angustiis
667 2886 789 2944 iocorum
800 2889 940 2961 armisque
950 2891 1025 2946 elau·
1075 2894 1162 2950 sirnus
1175 2909 1208 2949 ae
1221 2892 1431 2950 strenuissimus
1451 2893 1615 2961 habebatur,
1630 2902 1659 2948 ut
1674 2907 1737 2949 cum
1756 2893 1876 2951 blesan-

223 2976 336 3043 sissent,
352 2976 364 3010 a
377 2976 501 3043 Pontius,
518 2977 572 3034 dux
584 2993 691 3046 eorum,
708 2979 735 3035 in
751 2988 858 3035 tanturm
872 2981 973 3037 abusus
983 2993 1025 3039 est
1076 2988 1125 3044 der
1139 2989 1250 3059 liaqnns
1265 2987 1414 3059 disponere
1428 2986 1568 3044 diceretur
1586 2986 1621 3042 ab
1634 2985 1747 3044 Oriente
1760 2987 1875 3044 deseen-

224 3072 347 3128 uietoriae
357 3072 516 3142 securitate,
527 3081 558 3128 ut
578 3071 745 3129 Herennium
761 3083 866 3143 patrem
881 3077 1025 3133 consulen-
1075 3083 1145 3139 deus
1159 3082 1284 3138 obtinere
1298 3080 1404 3135 viribus
1427 3079 1557 3145 Africam,
1572 3081 1583 3113 ²
1596 3087 1679 3147 atque
1694 3078 1759 3136 inde
1781 3079 1807 3134 in
1822 3078 1875 3135 lta·

222 3166 288 3225 dum
303 3175 429 3239 putaret,
444 3177 533 3223 utrum
554 3167 692 3226 occideret
713 3169 834 3237 clausos,
850 3186 885 3225 an
899 3181 1025 3243 parceret
1077 3174 1141 3230 llam
1162 3171 1312 3237 transveiri,
1323 3169 1440 3227 Romani
1453 3172 1525 3225 inter
1538 3179 1653 3226 caeteros
1669 3171 1754 3226 duces
1768 3177 1832 3226 tunc
1846 3171 1873 3227 iu

222 3259 396 3331 subiugatis:
413 3268 444 3316 ut
455 3260 530 3316 vivos
543 3268 632 3316 tamen
644 3259 772 3318 dedecori
786 3274 951 3333 reservaret,
967 3254 1060 3322 eie-C
1077 3264 1216 3337 republica
1235 3279 1283 3319 sua
1301 3262 1434 3333 optituos,
1460 3259 1531 3317 bunc
1550 3260 1718 3333 praecipuum
1731 3260 1810 3326 inre,
1826 3260 1873 3331 qui

221 3352 272 3425 qiu.
287 3351 427 3412 Romanos
439 3353 512 3411 enim
528 3362 607 3411 autea
623 3352 775 3426 sepissime
794 3353 867 3412 vinci
881 3364 910 3413 et
923 3357 1021 3430 occidi,
1076 3358 1224 3417 Alexandri
1237 3359 1369 3431 impetum
1383 3355 1522 3415 sustinere
1535 3362 1640 3427 posset,
1662 3354 1871 3413 meditarentur.

866 3495 1097 3560 HAVERCAMPi
1116 3497 1234 3559 NOTAE.
1721 3494 1729 3548 ¹

258 3628 303 3687 li.
326 3628 378 3685 Sed
403 3629 567 3712 paulianeste
590 3634 752 3701 cotrtpnreui.
776 3627 806 3683 ln
823 3624 895 3683 cuti.
911 3629 1018 3686 Groun-
1106 3635 1135 3690 l.
1156 3630 1279 3695 Pontica,
1295 3629 1460 3684 decrerunt.
1484 3626 1596 3683 ilaeeex
1619 3625 1718 3684 Oresio
1731 3626 1870 3687 Diaconus

223 3699 305 3756 viana
320 3699 379 3756 bare
403 3707 439 3755 ua
463 3700 593 3769 loquutur
614 3700 753 3767 multoque
766 3700 873 3754 auctius
886 3700 1018 3757 exiriiren-
1070 3704 1202 3775 Eutropio
1214 3700 1328 3759 addidit.
1342 3699 1427 3757 Fusa.
1447 3729 1483 3742 -
1501 3698 1560 3755 lica
1572 3714 1662 3754 eornm
1674 3698 1700 3754 iu
1718 3698 1782 3755 eod.
1797 3698 1872 3755 Lon·

220 3780 276 3838 tur,
290 3771 337 3826 red
351 3771 428 3841 pertis
440 3780 523 3842 aestu.
549 3768 582 3823 id
605 3778 657 3839 ert,
672 3787 724 3826 nou
737 3782 885 3842 comparent
900 3787 1017 3841 prtcseu-
1070 3775 1133 3846 gob.

219 3842 288 3897 idus
303 3844 436 3912 proewrt'ta
452 3852 568 3914 terrtpora
587 3841 638 3909 iris,
657 3843 701 3910 qui
718 3856 785 3894 trano
800 3841 923 3911 injurium
937 3844 1017 3897 susti·
1106 3847 1134 3902 5.
1150 3844 1302 3915 Numquam
1313 3849 1399 3895 autern
1418 3839 1486 3911 cupi.
1502 3837 1588 3909 bugd.
1606 3838 1666 3893 sar.
1687 3848 1777 3911 quart.
1795 3855 1872 3893 ιιιιιιι-

219 3923 291 3969 ueni.
309 3912 362 3969 Srd
375 3911 522 3983 ntoioqesto
536 3912 726 3981 preteritorum
748 3921 897 3981 computent
917 3912 945 3966 in
965 3915 1019 3969 'irre
1069 3933 1149 3984 qnam
1160 3915 1232 3982 rapi.
1245 3912 1281 3970 At
1293 3910 1419 3976 secund„
1436 3925 1577 3977 nunrquont
1599 3917 1685 3963 tamen
1707 3910 1776 3979 capi.
1791 3908 1871 3978 Quod

219 3984 406 4053 presentium,
428 3992 452 4036 et
467 3983 533 4038 iona
545 3983 684 4055 praesentia
698 3982 771 4036 barris
784 3982 930 4050 preteritis.
952 3933 1017 4038 ideo
1070 4002 1135 4043 rnarx
1150 3985 1283 4057 sequitur,
1299 3982 1424 4055 potuisse,
1438 3980 1545 4036 abessa
1560 3978 1619 4035 dieo
1632 3987 1659 4035 et
1672 3980 1798 4036 Perizon.

218 4065 306 4110 auteur
328 4055 460 4127 praeterita
484 4054 631 4122 corrrparori
653 4053 821 4125 presentibus
842 4062 929 4120 uetat,
955 4054 1017 4126 qaia
1105 4057 1133 4113 d.
1155 4056 1232 4123 Quod
1246 4053 1363 4126 Papprio
1377 4050 1483 4108 conraie
1495 4052 1640 4106 insistente.
1651 4051 1764 4106 Orosius
1775 4060 1803 4108 et
1814 4050 1871 4109 uu·

219 4126 363 4195 proenrtru,
387 4127 411 4179 si
427 4127 528 4193 majore
551 4123 653 4178 uriraria
675 4122 828 4203 affecerunt,
844 4132 940 4207 tamar,
957 4141 1018 4180 carn
1070 4129 1175 4199 tropius
1189 4142 1239 4184 eos
1253 4136 1378 4207 auctores
1398 4133 1570 4205 sequnntur,
1588 4124 1634 4193 qui
1657 4137 1673 4176 a
1695 4121 1728 4177 l..
1749 4121 1873 4205 papyrio

217 4202 1017 4340 latitabit.itti‘tillituiittlttl‘ldiuti
1068 4191 1871 4340 titillatutriabuitluuutltiiiiiiuttd

218 4348 335 4409 apparet
349 4351 409 4392 csse
423 4339 554 4407 glossam,
568 4351 649 4405 quam
663 4337 824 4404 ascripserit
837 4335 872 4406 is,
890 4337 935 4408 qui
953 4352 1016 4393 seu·
1069 4341 1174 4397 scribit
1197 4338 1279 4395 Faue.

218 4423 280 4466 sum
293 4408 442 4465 verborum
455 4406 544 4465 Orosii
559 4407 702 4464 elucidare
716 4407 844 4463 voluerit.
1105 4413 1132 4468 ¹1.
1149 4408 1342 4465 instimularet.
1358 4405 1476 4475 Quidam
1495 4419 1562 4463 mss.
1580 4415 1607 4462 et
1622 4405 1700 4461 edit.
1712 4405 1807 4475 legunt
1820 4405 1868 4460 ιιι.

257 4480 302 4536 15.
327 4479 403 4535 l'eitu
424 4479 496 4534 certi.
524 4477 574 4534 Ed.
602 4481 672 4548 unq.
696 4492 758 4532 cum
782 4492 834 4532 ms.
856 4475 926 4534 Uitr.
943 4478 1018 4534 delet
1068 4483 1191 4549 mulares,
1215 4484 1286 4536 inter
1300 4493 1369 4550 quos
1388 4492 1455 4533 mss.
1472 4492 1529 4533 sec.
1547 4475 1632 4544 unqu.
1647 4476 1707 4530 ilat.
1724 4474 1795 4530 inira
1821 4474 1870 4529 iib.

220 4550 296 4605 certi.
310 4549 403 4621 Neque
426 4550 454 4606 iu
477 4549 564 4606 tribus
578 4548 658 4604 codd.
681 4548 849 4604 Florentinis
864 4555 912 4604 aut
926 4548 1014 4621 barad.
1070 4569 1096 4608 ιι
1110 4567 1170 4621 cap.
1187 4551 1221 4608 ts
1238 4550 1273 4606 de
1285 4549 1407 4614 iroesare,
1422 4545 1524 4619 Carpus
1545 4550 1602 4618 ejus
1620 4554 1725 4618 raptam
1738 4546 1870 4618 popular,

221 4621 282 4677 But.
298 4619 419 4678 sectando
432 4628 556 4693 apparet.
1069 4623 1160 4679 dolore
1174 4619 1361 4684 instimulatus,
1378 4619 1404 4672 iu
1418 4618 1477 4689 {oro
1492 4615 1645 4697 [repeteretis
1656 4614 1829 4697 tribunalium
1839 4630 1871 4697 uo

254 4692 301 4748 tu.
321 4689 419 4759 Fraus,
433 4692 541 4764 [crocia.
557 4687 627 4745 uad.
644 4689 767 4754 uenata,
782 4688 855 4759 iram
870 4688 960 4758 effera.
1068 4694 1251 4765 spintriarum
1271 4690 1406 4746 ereutovit.
1428 4686 1523 4744 Sedet
1537 4685 1622 4742 verbo
1635 4684 1801 4742 rnrtvmalare
1814 4695 1870 4742 uit·

253 4761 443 4820 Camilli-
459 4764 487 4818 ι.
506 4763 582 4816 Anne
596 4760 628 4815 ab
645 4758 679 4816 u.
696 4776 720 4815 e.
730 4774 872 4816 ccccxxvi.
895 4760 944 4818 iiic
967 4775 1017 4818 au·
1069 4773 1113 4822 tur
1124 4777 1233 4837 quoque
1246 4759 1328 4819 Ouid.
1344 4759 1454 4818 Fastur.
1469 4773 1514 4826 ιι,
1527 4756 1580 4815 bd'i
1596 4772 1604 4813 ε

217 4848 272 4892 uus
286 4835 314 4890 in
328 4833 489 4904 capitottnis
502 4831 660 4889 consulibus
675 4840 717 4888 est
731 4840 793 4903 post
806 4827 907 4889 Urbem
921 4833 1018 4889 eondi-

216 4914 274 4973 tam
289 4919 441 4962 ccccxxxu.
456 4904 541 4960 Fare.

252 4977 282 5032 2.
306 4975 405 5046 Vipinti
417 4973 500 5031 ruillia
515 4972 693 5040 Samnitium,
707 4969 792 5027 Fabio
806 4971 929 5042 mapirtro
943 4973 1016 5045 equi·

218 5054 286 5103 terr.
309 5047 385 5104 idem
399 5060 530 5102 uumerus
543 5059 678 5101 cursorum
693 5043 813 5099 bostium
829 5055 872 5099 est
883 5043 956 5116 apud
969 5045 1015 5101 Li·

218 5118 293 5173 rium
310 5119 357 5175 iib.
373 5133 431 5185 vttt,
449 5116 493 5173 ubi
508 5115 567 5174 bace
582 5116 673 5171 omnia
692 5114 760 5170 satis
776 5114 897 5186 copiose.
914 5113 947 5185 Q.
964 5114 1017 5172 tta·
1350 5178 1357 5191 ,

218 5188 426 5245 iniusliasimus
439 5187 605 5256 Rullianus,
645 5200 707 5241 uem
722 5185 768 5266 iric
780 5183 895 5241 Orosius
910 5189 932 5242 si
954 5185 1015 5242 nilr-
1068 5179 1399 5264 iteraremus-infantae,
1416 5191 1483 5235 mss.
1502 5184 1559 5235 ires
1572 5172 1750 5249 uuqduut.
1767 5173 1872 5235 babent

216 5270 273 5326 cat,
287 5261 418 5332 magister
431 5261 553 5330 equitum
570 5256 622 5313 iuit
661 5255 788 5326 ,Papirto
800 5253 911 5311 Cursori
927 5201 1014 5314 (fieta-
1068 5252 1239 5326 praecedentis
1253 5252 1382 5323 insamae.
1563 5318 1570 5334 ι

216 5332 533 5402 ruri,quartoannoaute
546 5327 695 5384 Caudinam
708 5327 899 5456 ‘dmm'
913 5326 1015 5384 Praeter
1104 5325 1133 5381 8.
1150 5322 1183 5378 Et
1197 5333 1272 5391 capto
1286 5321 1356 5375 duci.
1373 5319 1438 5376 ileo
1451 5327 1494 5376 est
1507 5318 1590 5386 lectio
1600 5317 1665 5376 cod.
1677 5318 1802 5389 tanqua.
1814 5314 1874 5373 sire

217 5401 324 5458 Livium
345 5402 404 5469 leve
426 5399 583 5471 Eutropium
598 5398 661 5456 libr.
675 5414 706 5468 tt,
733 5397 849 5454 alerium
862 5398 933 5455 biart.
950 5397 1013 5456 libr.
1069 5394 1144 5450 Flor.
1171 5393 1264 5465 primi,
1290 5402 1373 5462 atque
1394 5394 1430 5446 ita
1453 5405 1562 5462 quoque
1584 5391 1732 5461 corripitur
1747 5390 1774 5444 iu
1796 5387 1871 5468 Flor.

1070 5480 1146 5528 sec.;
1172 5464 1291 5536 strigati,
1315 5460 1481 5532 captodurce.
1508 5462 1572 5517 l'ost
1596 5467 1780 5532 reposuerunt,
1796 5457 1873 5512 attunt

1027 4934 1056 4997 I)
1099 4946 1255 5002 btsstnnlata
1265 4945 1339 4997 deam
1349 4943 1432 4995 Latias
1443 4942 1559 4994 Saturnia
1569 4940 1677 4994 uacuo

1130 5009 1268 5063 instimulat
1278 5008 1341 5060 ilctis
1351 5007 1466 5059 insidiosa
1476 5005 1554 5058 sortis.

215 5472 479 5600 diuzam&
494 5540 661 5597 Postnntium
677 5540 807 5595 eonsules.
828 5538 862 5595 t.
885 5538 1016 5597 Veturius
1069 5534 1199 5591 servitutis
1223 5548 1275 5591 ms.
1301 5532 1447 5599 perizon..
1474 5541 1503 5589 el
1527 5532 1660 5603 ptut'dem
1684 5528 1778 5585 deiude
1797 5526 1873 5582 ”01¹⁸

216 5622 246 5671 ct
262 5613 310 5684 Sp.
328 5614 483 5671 Postumius
504 5613 602 5670 iterum
619 5612 745 5669 eonsules
760 5610 887 5677 luerunt,
903 5610 1015 5681 «quando
1069 5606 1164 5664 scribit
1177 5604 1246 5660 idern
1258 5614 1294 5660 et.

216 5684 432 5754 apudCaudium
448 5682 519 5739 maie
543 5692 688 5753 pugnatum
703 5691 761 5748 est,
777 5690 806 5736 et
826 5682 948 5752 legiones
962 5681 1016 5737 sub
1106 5679 1133 5733 u.
1154 5676 1318 5749 dtqaeinde.
1332 5673 1383 5731 Ed.
1399 5676 1513 5758 depost.
1533 5672 1678 5757 aefldeiude.
1691 5667 1768 5739 Quod
1790 5665 1872 5736 paulo

217 5753 310 5826 'upum
323 5758 423 5812 missac.
435 5754 492 5812 Cic.
510 5753 558 5810 lilr.
572 5768 601 5809 tu
616 5752 650 5809 de
671 5752 876 5817 usuc.,1.ivius
896 5751 943 5807 lib.
968 5767 1014 5821 ιι,
1072 5755 1135 5804 aute
1150 5750 1290 5815 praecessit
1303 5763 1334 5801 aa
1353 5756 1546 5801 strenuissumus
1567 5761 1592 5797 m
1618 5739 1687 5797 udi.
1705 5746 1744 5792 ura
1764 5747 1818 5794 ust.
1844 5746 1873 5793 et

229 5825 294 5882 'ion
311 5827 358 5884 iib.
376 5842 396 5892 t,
416 5842 477 5898 cap.
495 5825 539 5895 tu,
554 5826 668 5898 August.
684 5822 731 5881 lib.
748 5838 778 5880 ιιι
798 5821 833 5882 de
848 5821 932 5883 cirta.
954 5821 1016 5894 Dei,
1071 5819 1183 5875 Vctuctis
1195 5833 1249 5874 uun
1260 5824 1362 5888 exstat,
1374 5827 1405 5875 ut
1415 5830 1465 5874 uec
1477 5813 1549 5885 apud
1560 5814 1686 5871 linceut.
1698 5808 1748 5868 uei
1759 5818 1805 5867 uu.
1819 5808 1870 5866 liba

215 5907 278 5970 trapa
294 5898 336 5955 Π.
353 5898 437 5955 Fara.
1071 5902 1109 5950 vt.
1125 5904 1187 5960 cap.
1204 5889 1231 5944 i.
