4192 6434
784 407 899 472 statii
917 405 1009 472 aucti
1027 408 1161 472 basini
1178 407 1386 472 canonicor.

871 544 1001 605 atttittt
1019 541 1307 607 COMMENTARIUS.

266 664 413 726 Antiochia
442 665 578 726 tattaeus
604 664 782 730 existentom3
806 661 914 744 tametsi
933 675 1020 788 qrare
1037 661 1186 744 etAcium
1198 661 1333 718 hominum
1347 674 1454 731 mertes,
1466 673 1490 721 et
1500 661 1730 737 [arorsacrilequs
1741 663 1914 720 excandesce-

271 739 339 868 ιδέιῃι8
347 752 397 810 pro
408 738 600 809 Amphilochia
617 735 789 793 Antiochiam
802 734 913 791 scribat.
959 741 1011 788 tut
1025 747 1066 788 rt·
1116 739 1166 801 ret,
1183 732 1391 791 utidoiasurda
1410 745 1521 792 etmutr
1536 737 1740 807 coluertatque
1761 734 1914 803 adorarent,

263 409 318 478 bib
1857 406 1914 470 bib

353 818 500 879 utrumque
513 824 608 867 rerum
622 823 694 871 esse,
709 806 802 862 oculos
815 802 849 860 ad
873 803 987 862 Graecos
1014 801 1066 859 ad·
1115 820 1162 876 eqo
1179 802 1328 862 Theotimus
1349 807 1456 863 credens
1470 808 1498 862 in
1511 806 1619 862 Christo
1635 806 1700 862 besu
1720 808 1828 863 edoctus
1843 807 1917 875 inqe-

269 896 360 948 more,
372 889 562 1007 scrutatorque
575 896 608 935 an
622 879 673 950 ipsi
683 877 831 950 quidquam
847 886 953 931 certum
971 874 1067 945 explo-
1116 875 1332 941 moliacensem,
1358 890 1432 950 qesta
1454 879 1486 934 S.
1514 878 1626 933 Marirre
1644 879 1763 950 oirqiris,
1786 879 1916 948 mornado

271 963 415 1019 ratumque
429 951 464 1008 de
477 966 511 1009 ca
531 966 574 1008 cm
587 951 693 1021 virgiac
713 949 841 1005 babeant.
855 947 983 1015 Quidam,
996 960 1067 1018 quas
1115 955 1207 1002 contra
1218 949 1358 1018 antiquum
1371 949 1472 1006 bostem
1487 949 1648 1004 dimicaverit
1660 948 1773 1005 seribere
1786 949 1915 1020 disposui.

269 1021 411 1082 Usuardus
424 1033 545 1079 sectatus
559 1030 611 1087 est,
628 1020 725 1076 orbem
739 1018 767 1074 in
781 1033 834 1086 qua
850 1032 928 1089 passa
940 1015 1002 1079 init,
1017 1031 1067 1073 ro·
1116 1015 1198 1072 berta
1222 1019 1303 1091 iqitur
1330 1019 1437 1075 Marino
1458 1036 1491 1074 ea
1531 1021 1652 1076 entilibas
1673 1020 1824 1094 parentibus
1847 1029 1917 1082 orta,

269 1103 368 1151 curant
382 1094 584 1156 Alexandriam,
607 1091 654 1148 alli
676 1089 859 1159 Antiochiam,
881 1104 941 1160 quas
962 1089 1067 1159 simpli·
1116 1088 1221 1143 cuidam
1245 1100 1372 1146 matronae
1397 1091 1501 1146 nutrica
1522 1109 1538 1144 u
1563 1094 1662 1146 tradita
1688 1101 1737 1154 est,
1765 1092 1794 1144 ir
1814 1092 1919 1145 ciuitate

269 1166 339 1223 citer
353 1166 426 1222 dicta
439 1165 526 1237 Syriae
544 1165 640 1220 urbem
668 1161 875 1234 patriarchalem
896 1161 1017 1223 denotat,
1038 1169 1067 1216 et
1116 1161 1231 1231 quadam
1245 1164 1333 1216 stadia
1346 1179 1379 1217 nr
1394 1164 1425 1218 ab
1439 1163 1504 1217 urbe
1520 1161 1704 1235 Amphilochia
1718 1164 1831 1217 dictante
1844 1162 1919 1234 iride

272 1237 317 1293 his
332 1237 406 1293 Beda
418 1235 602 1306 susbscripsit:
616 1234 726 1291 demum
744 1233 790 1288 aiii
811 1231 981 1288 Antiochiam
997 1230 1068 1286 Pisi·
1117 1246 1216 1286 nomen
1228 1248 1322 1289 veram
1337 1234 1413 1289 urbis
1428 1235 1562 1303 sanquine
1576 1235 1604 1289 S.
1619 1233 1729 1289 Marinae
1742 1232 1916 1303 nobilitata),

271 1308 324 1364 uta
337 1307 523 1363 crediderant.
544 1305 677 1361 Nimirum
694 1306 751 1375 ipsa
772 1317 821 1360 eos
842 1304 960 1358 uarietas
983 1310 1011 1357 ιι
1025 1302 1066 1356 in·
1117 1318 1195 1369 aqna
1208 1302 1346 1375 diiiqeater
1362 1306 1390 1359 ir
1404 1303 1503 1361 Christi
1517 1304 1571 1374 fide
1583 1305 1686 1365 edocta.
1700 1315 1781 1376 atque
1795 1303 1919 1372 baptismi

271 1379 425 1435 constantia
445 1377 586 1432 nominum
608 1377 768 1448 ignorantiae
789 1375 898 1444 arguit:
914 1373 1065 1428 dumenim
1117 1375 1229 1446 qratiam
1255 1386 1416 1441 carrucata:
1447 1375 1556 1430 audiero
1588 1384 1655 1429 niort
1675 1392 1733 1429 rum
1761 1375 1920 1436 certamina,

272 1465 353 1505 ursam
366 1448 557 1520 praedictarum
571 1447 842 1516 urbiumpalaestram
857 1445 1067 1514 tantaerirqiuis
1117 1460 1205 1499 eorum
1250 1448 1362 1516 articeps
1386 1447 1444 1517 fieri
1466 1447 1629 1501 uehementer
1650 1393 1827 1501 Mesiderabat.
1853 1443 1920 1501 Cum

274 1519 361 1577 inisse
379 1535 547 1591 nequaqnam
570 1526 760 1585 ιιιιοιιιιιιιι,
785 1516 865 1571 aliam
884 1516 1066 1584 quaerebant:
1117 1525 1204 1570 autem
1219 1463 1341 1587 Oqurius
1363 1535 1459 1589 preses
1481 1516 1691 1586 Amphilochium
1713 1517 1844 1572 ιιιιιιιιιιι
1858 1533 1919 1584 per·

274 1590 378 1648 Graccis
394 1607 460 1647 vero
473 1589 563 1647 facilis
577 1588 627 1644 luit
640 1587 748 1644 errandi
761 1601 854 1654 caiisa,
875 1600 973 1640 nomen
991 1587 1068 1640 urhis
1117 1597 1198 1655 qeret,
1219 1588 1255 1641 ibi
1271 1587 1402 1643 Marinum
1417 1591 1444 1642 ir
1464 1589 1557 1642 itinere
1574 1589 1675 1643 obuiam
1699 1587 1800 1642 habuit.
1834 1589 1918 1652 Quam

274 1663 369 1731 ipsius,
388 1677 449 1716 nam
462 1662 614 1734 ’Δμφιλιχιιι
626 1675 720 1730 parum
731 1660 765 1713 ab
777 1659 908 1731 ’Διτιιχια
918 1657 1067 1726 discrepat.
1118 1673 1178 1710 cam
1192 1659 1409 1726 corrrprehendere
1417 1659 1551 1732 jussisset,
1572 1660 1620 1714 illa
1640 1661 1760 1713 inuocare
1776 1657 1919 1713 Dominum

274 1732 396 1797 Mirabile
407 1734 488 1789 etiam
501 1743 553 1800 est,
564 1731 732 1786 etattemiae
747 1730 878 1785 ltacteuus
889 1728 1067 1792 explicatum,
1119 1728 1194 1794 erepit
1220 1727 1309 1783 dicens
1330 1745 1339 1784 :
1363 1729 1488 1784 Miserere
1507 1730 1610 1784 ancille
1632 1741 1692 1794 ture,
1715 1727 1829 1783 Domine
1853 1726 1918 1783 besu

274 1819 327 1860 cur
338 1803 425 1860 Gracci
447 1805 579 1872 virginem
604 1803 673 1856 lianc
692 1815 802 1870 semper
814 1798 971 1865 roraverint
987 1797 1069 1853 Mari·
1119 1796 1231 1864 Christe,
1247 1810 1272 1853 et
1283 1816 1315 1854 ue
1328 1804 1421 1867 perdas
1433 1816 1493 1855 eam
1512 1802 1599 1872 impiis
1614 1802 1729 1855 animam
1743 1815 1838 1855 meam.
1863 1797 1918 1853 l'o·

275 1890 352 1943 nam,
378 1883 406 1930 ut
419 1876 447 1929 in
469 1873 633 1941 Menologio,
658 1871 809 1940 horologio,
831 1869 960 1924 Siracone
983 1868 1068 1923 Meta·
1119 1869 1187 1922 cauit
1209 1871 1291 1940 iqitur
1311 1887 1406 1941 pruses
1420 1887 1477 1926 ears
1491 1870 1526 1924 od
1541 1889 1568 1926 se
1587 1873 1703 1941 dicitque
1726 1873 1773 1925 ei:
1801 1868 1845 1925 Ea
1867 1885 1920 1939 quo

276 1948 398 2017 phrasis,
414 1955 441 2000 et
455 1945 561 2000 caeteris
575 1942 669 1998 videre
683 1950 736 2010 est,
758 1951 786 1996 ιι
807 1941 925 1996 laterrtnr
941 1939 1069 2008 Lipoma·
1119 1955 1211 2008 qaaere
1226 1957 1264 2008 es,
1280 1942 1373 2006 bibero,
1396 1959 1430 1997 an
1452 1941 1572 1997 ancilia?
1592 1941 1698 1997 Marino
1713 1939 1920 2012 respondit‚1.i·

276 2031 339 2082 nus,
358 2016 489 2078 Molanus,
511 2025 538 2070 et
553 2015 704 2078 baruntius3
718 2023 747 2069 et
762 2020 852 2067 tamen
869 2011 941 2066 iuter
957 2011 1068 2065 Latinus
1121 2008 1182 2066 bera
1194 2028 1262 2075 sure,
1274 2022 1300 2067 et
1312 2013 1412 2068 anciila
1425 2013 1532 2068 Christi.
1551 2013 1623 2069 Tuae
1644 2015 1726 2085 jussit
1739 2029 1796 2067 eam
1814 2013 1842 2066 in
1862 2028 1921 2066 car·

276 2098 402 2141 auctores
412 2087 556 2142 conueniat
568 2099 629 2142 eam
644 2100 716 2147 csse,
728 2099 807 2153 quam
824 2083 911 2137 Latitsi
929 2082 980 2151 ipsi
997 2082 1067 2136 Mar-
1121 2098 1204 2135 cerem
1230 2084 1309 2145 mitti,
1335 2092 1412 2153 atque
1426 2086 1573 2155 insequenti
1592 2085 1635 2139 die
1655 2100 1712 2138 eom
1726 2084 1761 2138 ad
1783 2099 1811 2138 se
1823 2083 1919 2136 adduci

275 2165 397 2228 garciam
425 2168 589 2226 truncnpant.
605 2157 632 2210 Si
655 2156 749 2211 Graeca
772 2154 849 2225 virga
864 2163 917 2218 est,
934 2161 963 2206 et
976 2151 1066 2209 Graci
1121 2157 1259 2225 pracepit;
1275 2172 1351 2223 quam
1366 2172 1423 2210 enas
1437 2172 1490 2210 ror
1504 2163 1589 2229 posset
1613 2174 1630 2209 a
1649 2155 1747 2211 Christi
1769 2169 1859 2208 umore
1879 2169 1919 2209 se·

277 2243 411 2297 unusquam
425 2226 498 2282 iilam
515 2236 612 2285 rorant
625 2227 816 2295 Margaretam,
834 2225 906 2280 unde
919 2224 1008 2280 sciunt
1021 2224 1070 2278 La·
1121 2241 1225 2293 parare,
1242 2228 1324 2298 jussit
1347 2243 1405 2282 eam
1425 2227 1570 2297 suspendi,
1600 2238 1677 2298 atque
1689 2227 1767 2296 rirqis
1781 2225 1919 2279 acerrimis

277 2298 468 2368 iiuilqntcso)
483 2299 658 2367 blargaritam
685 2311 774 2361 suam,
799 2311 853 2352 uon
878 2295 959 2349 aliam
987 2310 1070 2364 quam
1121 2298 1258 2365 usquead
1284 2299 1420 2372 sanquinis
1447 2300 1598 2362 edaciorem
1624 2298 1729 2352 laniari.
1753 2294 1838 2350 Beata
1859 2310 1919 2350 uero

277 2369 386 2425 illorum
402 2368 531 2425 Marinum
546 2372 628 2425 esset
649 2369 734 2423 lmmo
759 2383 824 2423 reru
846 2366 947 2420 Matina
970 2379 1070 2421 nomen
1122 2364 1227 2421 Marino
1250 2369 1345 2424 uirtute
1371 2367 1420 2422 liei
1442 2369 1600 2440 confortata,
1622 2384 1669 2423 rec
1697 2367 1849 2439 suspiravit,
1875 2382 1920 2420 ree

277 2438 403 2495 Latinum
424 2450 501 2496 csta
526 2440 594 2495 mari
617 2437 770 2495 derivatam
786 2454 794 2504 3
810 2439 954 2508 Margarita
978 2447 1070 2492 autent
1121 2438 1228 2507 qemuit,
1241 2455 1288 2493 rec
1302 2441 1395 2495 saitem
1409 2441 1510 2495 uultum
1531 2443 1630 2495 tristem
1653 2440 1777 2494 ostendit.
1803 2436 1838 2492 Et
1859 2452 1918 2491 cum

277 2509 414 2576 Graecutn,
441 2510 562 2567 idemne
583 2525 718 2581 gemmam
744 2508 876 2565 marinam
900 2506 1070 2580 significans.
1122 2506 1209 2562 adhuc
1230 2510 1370 2565 Dominum
1395 2512 1558 2580 predicaret,
1583 2520 1677 2579 pntam
1694 2526 1722 2564 se
1745 2524 1841 2576 preses
1860 2509 1921 2561 irri-

277 2581 377 2639 Scdad
391 2581 444 2637 alia
464 2594 644 2639 transeamus.
1123 2579 1190 2646 deri,
1215 2582 1356 2652 pectinibus
1378 2583 1470 2654 {erreis
1492 2583 1570 2651 iussit
1595 2598 1685 2636 earnes
1705 2582 1762 2653 ep'us
1786 2578 1920 2649 usquead

315 2652 420 2707 liursus
435 2652 565 2724 quidquid
578 2653 613 2709 de
626 2651 768 2723 Margarita
781 2649 808 2705 in
824 2649 883 2719 ejus
899 2649 1010 2705 historia
1025 2648 1071 2704 di·
1123 2665 1183 2704 ossa
1194 2652 1301 2717 sulcari,
1328 2654 1355 2707 in
1371 2664 1473 2707 tantum
1488 2664 1516 2707 ut
1531 2654 1653 2722 popalus,
1669 2659 1747 2724 atque
1761 2652 1817 2716 ipse
1829 2662 1919 2721 tqsor-

279 2723 489 2788 citur,Marinae
504 2720 853 2779 Gallaecianaeomnimodis
870 2721 1071 2786 conueniunt·
1123 2736 1173 2775 rus
1190 2725 1368 2795 compassione
1382 2734 1536 2778 rrrooeretar.
1565 2723 1689 2796 illqbrius
1708 2723 1787 2795 tqitrr
1806 2722 1843 2775 ad
1866 2737 1921 2775 earu

279 2792 379 2850 delicet
396 2793 466 2864 qssaal
482 2794 536 2849 [ilia
551 2795 586 2849 sit
600 2795 736 2865 suaqnatis
749 2792 890 2862 cujusdam
906 2792 1067 2854 idololatrae,
1124 2792 1207 2848 dicit:
1217 2793 1341 2860 Consule,
1353 2796 1452 2868 puella,
1461 2796 1592 2868 juceutati
1603 2807 1663 2861 ιιιιι,
1676 2803 1699 2848 ιι
1713 2791 1776 2847 rrrihi
1786 2807 1920 2847 assensum

280 2863 353 2935 quod
368 2865 538 2922 educationis
546 2867 632 2935 qratia
644 2865 742 2920 tradita
754 2863 790 2919 sit
803 2864 901 2917 nutrici
915 2861 1071 2925 rusticanae,
1124 2864 1218 2934 probe,
1234 2881 1266 2919 re
1277 2873 1328 2920 tuse
1343 2867 1542 2932 pulchritudinis
1558 2869 1649 2937 flerem
1663 2863 1779 2919 antistas.
1794 2863 1920 2932 Aliquem

279 2950 341 3004 (ιιι
356 2949 414 2990 eant
440 2937 467 2990 in
492 2936 545 2992 itte
564 2936 715 2992 Christiana
739 2932 909 2998 intormarit;
938 2934 1011 3003 quod
1037 2934 1073 2988 ab
1126 2933 1254 2989 Mariua:
1280 2934 1386 2991 Ornata
1407 2937 1573 2992 consiliator!
1595 2936 1661 2992 Maec
1680 2935 1804 2990 aruasia
1827 2935 1923 2989 errimus

282 3006 436 3062 castitatem
451 3014 479 3061 et
492 3007 572 3063 iidem
586 3006 747 3063 seruandam
760 3005 932 3071 occubuerit3
952 3002 1024 3073 quod
1039 3004 1074 3059 ab
1124 3014 1163 3058 est
1177 3007 1297 3062 caluaria.
1316 3007 1338 3062 il
1353 3008 1492 3079 impudens
1505 3009 1588 3069 coris,
1608 3005 1765 3061 insatiabilis
1776 3006 1829 3072 leo,
1852 3016 1881 3059 tu
1896 3008 1924 3060 ir

282 3075 394 3149 Olybrio
410 3077 529 3148 judicata
550 3087 578 3133 ιι
601 3076 682 3133 morti
706 3076 826 3132 addicta.
847 3075 910 3130 llaec
925 3074 1015 3130 omnia
1038 3074 1074 3130 de
1125 3091 1229 3131 carnem
1251 3086 1404 3150 potestatem
1425 3078 1515 3145 habes,
1531 3079 1577 3134 sed
1595 3078 1715 3134 Christus
1739 3077 1855 3130 orirram
1868 3092 1924 3131 ser-

281 3146 384 3204 Mariua
404 3163 453 3203 sua
466 3150 663 3223 bletapbrastes
675 3150 768 3213 retest,
788 3158 816 3202 et
834 3147 861 3201 in
874 3146 993 3216 antiquis
1005 3161 1073 3201 iuss.
1124 3155 1178 3214 rat,
1195 3163 1272 3217 quam
1296 3150 1414 3204 redemit.
1429 3149 1469 3204 dd
1493 3150 1548 3204 bre
1570 3160 1696 3220 tqrrrrns
1707 3163 1716 3201 :
1729 3144 1803 3215 Jarr,
1825 3148 1921 3216 inquit,

282 3217 425 3274 codicibus
440 3221 603 3286 reperimus,
615 3235 684 3290 quas
696 3233 747 3286 eqo
760 3219 811 3289 leqi
833 3219 860 3274 in
876 3217 961 3272 variis
977 3217 1074 3273 biblio·
1126 3233 1178 3272 rare
1193 3236 1311 3289 parcam,
1326 3224 1383 3294 jorn
1398 3238 1451 3275 ran
1469 3220 1618 3287 miserebor,
1634 3219 1797 3275 consulentes
1812 3218 1863 3273 sibi
1876 3218 1923 3272 de·

283 3288 382 3356 ibccis,
398 3301 426 3346 et
437 3291 498 3347 aliis
510 3308 579 3362 quos
592 3291 657 3347 citat
667 3289 826 3345 baroniusa
841 3303 871 3343 sc
885 3291 959 3342 risus
970 3288 1074 3343 delita
1126 3287 1203 3354 ludit,
1221 3293 1281 3345 deos
1297 3292 1468 3363 blasphemat,
1486 3301 1613 3347 torrserto
1623 3289 1771 3346 contemnit.
1786 3287 1821 3343 in
1834 3304 1923 3343 carce-

281 3359 313 3417 S.
329 3359 441 3418 Mariae
458 3363 500 3418 vel
525 3363 710 3434 ttarqaretaea
725 3360 842 3430 quodam
862 3358 1008 3415 Theotimo
1030 3359 1073 3415 vel
1097 3411 1111 3434 ,
1127 3375 1182 3414 rem
1196 3360 1277 3433 iqitur
1290 3364 1435 3418 recluditur
1455 3364 1681 3426 obscurissimum,
1703 3361 1748 3414 sed
1769 3361 1859 3415 statim
1875 3362 1924 3413 irs·

283 3429 438 3500 Titrtothen,
460 3435 571 3489 oculato
588 3443 657 3488 teste
670 3431 818 3502 descripta.
840 3430 875 3486 Et
899 3431 966 3485 niltll
986 3431 1075 3484 sitinus
1087 3430 1112 3474 t.
1129 3447 1215 3486 menso
1227 3434 1324 3488 iumine
1337 3435 1467 3488 radiatur.
1485 3433 1611 3488 lliabolns
1629 3448 1688 3487 cera
1707 3433 1735 3486 ιιι
1755 3435 1842 3501 [orma
1861 3430 1924 3483 dro-

209 3562 211 3567 ,
284 3499 1075 3572 desarcmMarinacartusiensitegtrnmupsastqattem
1129 3503 1211 3568 coris,
1233 3505 1379 3573 querimur
1407 3508 1560 3560 derroratura
1582 3519 1721 3588 apparens.
1743 3501 1830 3556 subita
1851 3502 1925 3570 siquo

283 3569 369 3640 reguli
388 3574 498 3641 gentilis
517 3575 571 3628 illia
592 3575 663 3638 iuit;
688 3573 747 3640 ipsa
768 3573 917 3643 quodcum
937 3583 999 3626 octat
1016 3570 1077 3626 aliis
1128 3575 1213 3628 crucis
1225 3576 1344 3647 opposito
1356 3581 1470 3631 euanuit.
1484 3574 1606 3647 Sequente
1621 3590 1679 3630 cero
1694 3574 1736 3628 ιιι
1747 3574 1822 3642 oirqo
1836 3572 1925 3645 judici

282 3642 425 3698 sororibus
438 3658 492 3699 urso
514 3654 590 3714 parta
603 3643 675 3699 edita
690 3643 796 3704 luisset.
820 3644 848 3697 in
862 3643 965 3698 flumen
989 3642 1076 3712 mergi
1129 3654 1311 3712 presentatur,
1327 3657 1350 3700 et
1363 3648 1534 3717 presentibus
1548 3645 1651 3719 populis
1671 3643 1822 3713 sacrificare
1835 3642 1925 3697 rrolers

222 3780 224 3785 Ι
285 3710 371 3783 iussa,
393 3713 493 3784 pietate
512 3715 669 3772 obstetricis
687 3713 716 3768 iu
740 3713 862 3769 villulam
886 3712 1001 3768 adcincta
1023 3725 1076 3776 est,
1128 3716 1263 3784 causitum·
1285 3727 1308 3772 et
1333 3718 1504 3790 appositisad
1521 3718 1604 3772 latera
1630 3715 1730 3787 [acibus
1752 3713 1925 3777 ardentibus,

284 3791 314 3839 et
329 3786 472 3840 rusticana
492 3787 588 3842 nutrici
604 3785 791 3850 commissus
811 3799 864 3855 qua
879 3783 960 3840 iidem
975 3783 1076 3839 Christi
1128 3801 1189 3840 earo
1211 3804 1301 3843 recens
1319 3787 1434 3843 lacerata
1458 3805 1540 3860 usque
1554 3786 1587 3842 ad
1610 3787 1703 3841 intimo
1723 3796 1927 3849 ιοιιιιιιιιιιιιις

285 3857 408 3926 percepit
424 3873 432 3911 ι
447 3856 505 3926 ipsa
519 3873 567 3924 pro
580 3856 633 3912 fide
647 3854 800 3911 cirris-uara
814 3865 842 3910 et
856 3853 988 3925 pudicitia
1000 3869 1078 3924 passa
1129 3857 1166 3911 ito
1179 3867 1208 3912 ut
1222 3860 1379 3914 mirarentur
1392 3875 1492 3923 ornnes,
1506 3859 1635 3930 quomodo
1650 3868 1703 3911 tom
1715 3856 1821 3930 {raqiiis
1839 3856 1927 3928 puella

284 3934 338 3989 est,
359 3935 430 3984 testo
445 3927 476 3983 l..
491 3929 609 3995 Dextro;
626 3927 683 3998 ipsa
697 3928 749 3983 sub
770 3926 882 3998 Olybrio
900 3923 991 3998 iudice
1006 3939 1079 3981 mar·
1129 3937 1205 3983 tarta
1228 3939 1313 4001 posset
1332 3931 1443 3985 tolerare
1466 3938 1615 3990 tormento:
1642 3930 1687 3983 ted
1710 3929 1819 3982 insanus
1845 3927 1929 3998 judee

286 3996 349 4066 tyrii
363 4012 465 4056 carossa
481 4002 634 4065 redimitur,
653 4009 682 4053 nt
697 3998 732 4054 tt.
757 3998 893 4055 Maximus
912 3996 1016 4052 docuit.
1034 3997 1079 4052 lu·
1129 4015 1188 4054 cum
1201 4002 1299 4055 uideret
1312 4018 1367 4057 eam
1378 4011 1416 4056 tot
1429 4000 1587 4056 eruciatibus
1599 4015 1650 4053 rrou
1661 3997 1882 4072 passesumrari,
1895 3996 1928 4050 cd

285 4067 367 4120 urnio
381 4080 472 4124 autern
488 4072 629 4142 olybrium
651 4070 679 4124 in
702 4070 887 4125 occidentales
907 4067 1078 4123 Christianus
1129 4071 1252 4125 ultimum
1271 4073 1416 4141 decapitari
1426 4074 1506 4145 jussit
1518 4087 1565 4127 rin
1580 4069 1634 4126 lsai.
1658 4071 1781 4142 Auqrsti.
1796 4068 1824 4124 lu
1843 4070 1926 4121 atrerr

287 4147 443 4194 tsrorentcm
468 4142 742 4209 persecutionom,et
766 4140 793 4195 in
816 4141 883 4194 orbe
912 4139 995 4193 alisia
1024 4154 1078 4193 uon
1130 4141 1376 4214 ejusdernvirqinis
1397 4144 1531 4198 lestosab
1550 4136 1927 4211 narninehlrrqaretmaddi·

193 4246 195 4250 -
287 4205 530 4275 longoallassilia
543 4209 573 4264 S.
588 4209 720 4278 uirginem
741 4209 867 4281 lieqirom
881 4209 1014 4278 martyrio
1033 4224 1080 4265 co·
1132 4214 1457 4270 tunditerndiecorrm
1464 4215 1556 4285 iudice
1567 4212 1675 4283 tilqbria
1689 4213 1800 4278 sistitur,
1820 4221 1845 4264 et
1862 4208 1926 4262 iassi-

287 4293 412 4343 ronasse‚
434 4289 461 4336 ιι
484 4282 565 4337 simili
586 4293 616 4336 ee
639 4280 720 4335 modo
738 4279 856 4350 gessisse
876 4295 937 4335 curn
961 4295 1004 4346 es,
1024 4295 1079 4347 quo
1130 4283 1210 4356 pedes
1225 4285 1345 4342 ardenter
1364 4287 1422 4352 ep‘us
1442 4286 1567 4340 lateribus
1588 4293 1770 4354 apponuntur,
1796 4289 1821 4336 et
1838 4280 1926 4334 deiude

287 4350 461 4419 postmodum
484 4353 518 4406 ad
545 4351 701 4408 colluctans
731 4351 893 4422 perveniens
930 4366 990 4406 cam
1024 4352 1080 4406 Ma·
1131 4355 1301 4410 manibusue
1321 4357 1431 4430 pedibus
1451 4358 1532 4431 liqota
1555 4355 1583 4408 in
1604 4370 1699 4422 aquam
1719 4353 1865 4424 srterqitum·
1886 4349 1926 4404 sed

288 4421 367 4485 titia,
392 4423 430 4478 ait
456 4422 591 4493 siquidem
626 4423 766 4492 Esquilinus
797 4422 824 4476 iu
851 4423 911 4492 ejus
940 4421 998 4476 tina
1030 4423 1079 4478 lib.
1132 4421 1927 4499 sucinorationeliberntur,etpopttiusciamaritsquuss

288 4505 347 4552 ιιιι.
359 4507 419 4561 cap.
436 4493 471 4548 tt
494 4511 500 4546 :
520 4491 591 4548 llam
606 4493 729 4576 Olqbrius
752 4497 890 4565 prefectus
905 4494 1025 4548 transiret
1047 4493 1080 4549 de
1133 4497 1201 4552 itere
1212 4497 1431 4566 cirrtsrirnorrrq
1443 4498 1513 4552 unde
1522 4513 1555 4554 ec
1565 4498 1602 4551 eis
1612 4496 1724 4566 quiaque
1735 4492 1822 4549 utillia
1833 4501 1929 4562 mariq·

287 4562 373 4618 allisio
395 4565 422 4619 ιι
453 4563 600 4620 Massiliam
623 4566 763 4628 ciuitatem,
786 4565 876 4620 ridens
897 4564 1026 4637 puellum,
1056 4573 1081 4619 rt
1132 4563 1926 4643 riocorauotisunt,Murqaratacrpitecaeditur.Ctsjusqui·

288 4632 396 4691 eltutus
410 4637 467 4709 ejus
482 4635 688 4707 pulchritudine,
704 4639 789 4707 ipsam
802 4636 850 4690 sibi
874 4637 1025 4710 praesentmi
1039 4636 1052 4703 i
1068 4664 1080 4676 ·
1131 4637 1194 4693 dem
1221 4641 1260 4694 rei
1276 4650 1452 4695 rnonumenta
1475 4639 1609 4710 hodieque
1632 4638 1658 4693 ln
1683 4637 1745 4692 loco
1760 4649 1819 4690 suae
1842 4632 1931 4704 sepul·

287 4706 333 4775 es't,
350 4716 403 4762 ιιι.
420 4711 456 4762 tte
470 4707 570 4764 Mariua
584 4719 675 4764 autem
689 4723 737 4763 scu
758 4709 908 4779 blarqarcta
924 4708 1011 4778 lnquit
1031 4708 1079 4762 lib.

1134 4719 1200 4764 turm
1211 4711 1346 4775 uisuntur,
1360 4711 1483 4765 clibanus
1497 4708 1717 4782 parvulnssuper
1727 4721 1808 4776 quem
1823 4705 1928 4768 adusta,

289 4789 315 4831 ιι
328 4794 390 4850 cap.
402 4778 455 4836 ιιι)
469 4797 475 4834 :
489 4779 552 4836 Cum
567 4791 654 4835 autem
668 4796 752 4835 aranos
767 4797 801 4836 ιι
814 4779 954 4853 attiqisset,
978 4789 1003 4833 et
1022 4779 1234 4854 rumpotinus
1251 4779 1297 4834 ulti
1311 4781 1438 4837 irnusersa
1453 4783 1512 4851 init,
1534 4789 1562 4836 ut
1579 4796 1611 4834 eu
1627 4794 1760 4851 paenorum
1784 4785 1930 4831 eommuta-

287 4848 348 4904 oliis
370 4851 513 4922 oirqiribus
536 4868 594 4907 oues
616 4854 725 4906 nutricis
747 4867 802 4906 susc
829 4852 985 4913 custodiret,
1013 4865 1080 4921 proe-

289 4918 371 4987 sectus
390 4919 512 4993 Olybrius
526 4922 589 4975 iilnc
604 4927 739 4977 transitum
764 4923 861 4995 {aciens
882 4924 908 4976 in
931 4923 989 4991 ejus
1009 4937 1083 4975 auro·

289 5004 343 5042 sem
358 4994 466 5061 exarsit,
481 5002 506 5044 et
519 4994 632 5046 concitos
654 5008 758 5062 pueros,
772 5003 802 5046 at
815 4994 850 5046 ad
870 5008 898 5046 se
909 4992 983 5046 iliam
998 4992 1083 5047 oddu-

289 5071 374 5114 cerent
388 5063 537 5127 destinauit,
551 5071 605 5118 etc.

328 5130 420 5188 ilabeo
438 5133 560 5201 eiusdem
586 5133 625 5190 rei
644 5134 735 5190 nobile
759 5132 958 5200 testinnonium,
980 5144 1007 5188 et
1027 5134 1084 5190 sin-

290 5215 361 5260 cerae
376 5203 543 5273 antiquitatis
565 5208 705 5278 cqreginm
721 5217 937 5273 monumentum,
962 5205 1083 5261 l‘aslenti·

291 5288 357 5328 num
385 5273 573 5345 breuiarium,
596 5280 623 5332 in
649 5291 704 5347 quo
731 5276 843 5332 historia
870 5278 900 5332 S.
924 5278 1083 5345 Marqaretn

291 5345 388 5401 eadem
403 5359 514 5414 prorsus
530 5359 584 5413 est,
608 5362 668 5418 quae
683 5348 716 5404 de
737 5361 830 5405 sancta
856 5349 959 5405 Mariua
983 5349 1084 5405 Galim-

291 5415 378 5472 ciensi
389 5416 499 5487 lcqitur,
516 5431 596 5487 quam
613 5421 713 5488 placuit
734 5420 778 5475 bic
792 5419 924 5488 insectere,
939 5422 1011 5492 qttasl
1025 5421 1083 5476 sia·

290 5502 383 5543 ceram
409 5487 469 5556 ejus
492 5492 676 5545 narrationem
698 5491 829 5560 redoleat,
851 5507 887 5546 cs
917 5493 1024 5562 punctis
1050 5494 1082 5545 iis

291 5574 353 5631 qum
369 5559 458 5612 ruritius
472 5573 546 5617 rere.
565 5569 613 5615 anit
626 5559 708 5631 diqrte
724 5563 824 5634 scripta
839 5562 910 5632 apud
928 5564 1081 5630 Esquilinum

291 5629 434 5687 babemus.
454 5628 520 5683 Cum
536 5631 618 5699 iqitur
638 5635 778 5700 praelatam
797 5634 963 5688 llresiarium
984 5634 1085 5703 egisset

290 5701 390 5756 lostam
412 5701 484 5757 diem
498 5701 528 5758 S.
545 5703 705 5773 Margarette
720 5703 753 5758 ad
769 5719 798 5758 ru
813 5706 874 5759 idrus
892 5705 967 5764 latii,
988 5719 1035 5757 scu
1051 5703 1085 5759 15

292 5770 337 5828 dic
352 5770 487 5840 eiusdem,
504 5775 646 5829 celebrans
659 5773 829 5846 postmodum
844 5774 873 5831 S.
891 5775 1000 5829 Marinae
1013 5773 1086 5830 dictu

291 5841 325 5898 ad
350 5858 384 5896 ar
412 5841 523 5900 kalend.
539 5845 610 5917 Ariq.
639 5861 688 5901 seu
704 5844 748 5901 dic
773 5847 806 5902 lii
835 5845 910 5913 latii,
932 5844 980 5900 has
1006 5846 1088 5902 habet

197 5916 204 5927 ⁸
291 5911 423 5972 lectiones
447 5919 622 5979 matutinas:
647 5915 713 5976 Cam
732 5917 836 5977 insanio
857 5916 981 5975 obtineret
1000 5917 1087 5992 irsqui·

1134 4853 1203 4906 tiore
1216 4862 1339 4907 cresceret
1351 4853 1387 4907 ris
1400 4853 1510 4920 doloris,
1524 4850 1595 4922 qrsod
1611 4856 1649 4904 ait
1670 4849 1836 4920 Equilinns;
1853 4845 1929 4912 cajus

1135 4930 1225 4978 tamen
1242 4937 1319 4994 aquas
1333 4922 1386 4979 rim
1401 4924 1604 4980 medicatricem
1618 4920 1807 4977 febricitantes
1819 4931 1931 4986 accepe-

1133 5003 1198 5049 runt
1210 5009 1243 5049 ex
1256 5002 1386 5050 contacta
1397 4995 1522 5064 uirginis,
1540 4996 1566 5050 in
1579 4992 1740 5048 hodiernum
1760 5003 1850 5060 usqne
1861 4989 1931 5044 diem

1136 5073 1370 5135 perseverantem,
1397 5073 1466 5120 etc
1494 5080 1525 5120 rc
1550 5064 1660 5119 trontine
1687 5068 1824 5125 ntuttmto,
1847 5061 1932 5130 dquss

1134 5147 1250 5202 sanctas,
1267 5144 1469 5206 nuncupantur.
1495 5135 1572 5201 Quod
1591 5133 1790 5202 Metapbrastes
1814 5131 1863 5193 ait,
1885 5145 1931 5200 pa-

1134 5217 1203 5265 irem
1224 5208 1335 5263 Marinae
1355 5207 1448 5263 vocari
1471 5206 1627 5269 AEdesiuru,
1643 5203 1782 5272 fuisseque
1798 5200 1932 5284 idolorum

1136 5279 1320 5341 sacerdotem,
1337 5292 1432 5334 erroro
1451 5277 1634 5341 librariorum,
1654 5283 1683 5329 ut
1696 5275 1807 5344 opinor,
1824 5273 1933 5339 accidit,

1137 5359 1168 5405 nt
1179 5349 1322 5406 AErtesium
1338 5365 1389 5419 pro
1404 5347 1525 5416 Catelio;
1541 5357 1570 5405 ct
1593 5346 1730 5402 idolorum
1747 5343 1933 5405 sacerdotem,

1146 5436 1188 5475 tro
1211 5421 1345 5476 idolorum
1368 5421 1486 5488 cultore,
1516 5422 1543 5475 in
1567 5419 1658 5489 aliquo
1683 5421 1815 5485 corrupto
1841 5414 1935 5472 mutes

1149 5500 1242 5562 egeret
1257 5492 1327 5561 quis.
1354 5491 1394 5548 Ex
1419 5491 1533 5548 AEdrsio
1554 5489 1636 5560 aliqui
1657 5487 1782 5543 iecerunt
1809 5485 1936 5542 Theodo-

1135 5565 1224 5628 sium;
1241 5564 1278 5617 ita
1293 5563 1417 5618 locorum
1432 5571 1459 5617 ιι
1477 5574 1656 5633 personarum
1677 5559 1787 5613 nomina
1801 5568 1935 5631 perpetua

1139 5634 1290 5689 ructatione
1317 5636 1343 5689 in
1368 5639 1573 5705 corruptionem
1599 5631 1718 5694 abeunt,
1740 5644 1796 5700 quo
1825 5630 1937 5683 tarrdem

1140 5709 1245 5760 neseiat
1258 5705 1319 5775 quls
1335 5718 1426 5760 reram
1448 5706 1592 5761 lectionem
1609 5702 1777 5764 discerncre,
1803 5699 1877 5755 iacie
1890 5713 1937 5769 pc·

1140 5777 1215 5832 nitus
1228 5779 1303 5832 vocis
1323 5784 1489 5845 permutata.
1512 5773 1638 5841 tuerique
1663 5787 1717 5827 nott
1739 5770 1879 5827 idolorum
1896 5785 1938 5826 sa·

1140 5847 1294 5913 cordatum,
1311 5862 1361 5902 nec
1371 5847 1516 5912 cultorem,
1531 5845 1578 5902 sed
1592 5843 1734 5914 quintilium
1750 5844 1936 5910 patriarcham

1141 5920 1274 5990 scribunt,
1290 5918 1362 5993 quod
1382 5918 1501 5977 utasimc
1514 5916 1548 5976 od
1571 5918 1715 5978 retiatum
1736 5915 1857 5987 accedit,
1875 5929 1938 5972 uana
