4192 6434
282 337 334 396 ali

804 338 919 396 stalli
939 337 1029 397 tutti
1052 337 1182 395 nexunt
1203 336 1410 396 utinuaiuoii.

1878 338 1934 399 5d8

279 450 350 509 DC.
360 452 422 509 tid.
462 451 636 509 Orationibus
649 451 876 522 Christianorum,
893 452 1027 508 Antonino
1038 448 1072 506 ad
1087 449 1196 520 Quados
1212 435 1357 522 pugnante,
1367 452 1634 526 internecionemque
1646 468 1754 510 suorum
1771 456 1804 513 A.
1819 455 1853 512 il.
1865 456 1931 514 926.

337 557 339 560 '
367 546 429 605 180.
503 548 626 617 timente,
641 545 703 602 data
722 555 765 603 est
778 544 867 619 pluuia
883 555 911 602 el
924 545 1049 601 rietoria.

1738 548 1743 561 ·
1829 538 1933 610 'aaa

461 644 617 699 Antoninus
632 655 786 700 consortem
804 644 910 716 imperii
926 644 990 700 iaeit
1010 643 1095 698 iiliuut
1110 640 1300 698 Commodum.

460 739 586 808 Utriculi,
602 743 684 814 quae(
700 742 781 797 Baetis
794 741 881 811 olim)
904 742 1001 797 ciuitas
1014 748 1059 797 est
1071 740 1098 796 in
1116 740 1216 796 Baetica
1229 782 1237 808 ,
1265 755 1352 813 prope
1366 740 1514 812 Hispalim,
1540 752 1619 799 natus
1639 741 1755 812 Lueius,

497 832 577 889 lloret
590 831 695 901 Rome,
711 834 814 904 ingenii
828 833 907 889 laude
921 833 1059 904 praeclari.

460 927 518 982 iioo
533 935 655 995 tempore
668 940 765 982 omues
778 925 972 996 Hispaniarum
989 924 1136 993 Ecclesiae,
1150 926 1221 982 sieut
1236 926 1317 981 etiam
1333 926 1394 982 aliae
1409 927 1492 983 totius
1510 925 1585 983 oriris
1601 934 1757 993 terrarum,

497 1034 512 1072 a
529 1025 640 1090 paganis
658 1033 751 1088 pacem
763 1027 891 1074 ntereatae
904 1028 979 1074 sunt.

887 1130 1016 1189 uiiaiiti
1036 1131 1321 1190 cuutisdiauttls'.

283 1281 307 1328 et
321 1267 454 1342 ripollense
465 1273 620 1336 martyrum,
637 1266 682 1336 qui
695 1281 754 1318 eunt
765 1265 799 1317 ud
814 1281 910 1334 corpas
930 1266 961 1323 S.
985 1266 1084 1322 Valen-
1098 1273 1123 1330 Α
1136 1269 1316 1338 interficerent.
1337 1265 1454 1321 Exstant
1467 1267 1566 1321 littera
1588 1265 1624 1322 lt.
1655 1266 1757 1321 Aurelii
1781 1267 1939 1338 gravissimi

285 1340 444 1411 tininiqiiius
458 1347 573 1409 egerent,
584 1339 665 1409 jussu
679 1334 781 1390 Leontii
801 1335 944 1391 coristtlaris
967 1354 1086 1412 coorpre·

285 1413 359 1468 lrensi
373 1411 463 1480 qtonlo
476 1409 536 1463 rasi
549 1419 619 1462 sant.
636 1407 767 1462 iirleront
780 1408 839 1476 ejus
854 1419 931 1472 acta,
947 1425 1008 1464 eom
1036 1411 1086 1464 l'a-

285 1471 380 1539 lentini
391 1481 462 1549 Vita,
477 1480 572 1534 Petrus
593 1480 620 1534 iu
643 1477 772 1548 Catalogo
796 1479 844 1534 iilo.
860 1480 909 1547 itur.
933 1495 995 1549 cap.
1011 1481 1084 1552 iiij,

287 1554 454 1610 iiotrrltritius
467 1560 542 1605 ῑιιιιιιι
556 1549 577 1605 it
594 1561 634 1613 ‚et
647 1549 743 1605 Sunius
756 1561 829 1604 tortio
848 1549 877 1612 l,
903 1559 932 1604 et
956 1562 1018 1607 ante
1038 1567 1086 1606 eos

288 1625 436 1680 Diraltanus
452 1623 478 1677 iu
493 1621 688 1692 llartyrologio
700 1636 744 1674 tui
755 1620 865 1676 ltaletul.
883 1620 982 1678 Martii.
1010 1623 1087 1677 Alter

286 1698 368 1751 etiam
394 1694 523 1748 Proculus
541 1693 567 1746 in
580 1693 674 1747 eadent
694 1692 805 1746 civitate
828 1705 923 1761 passus
949 1692 998 1747 init
1014 1694 1084 1749 diei

290 1766 460 1828 Decembris,
477 1765 511 1818 de
531 1778 586 1833 quo
613 1764 762 1818 Rorttunutn
784 1763 1002 1833 liartyrologiunt
1028 1764 1088 1820 ilittc

288 1841 325 1892 alt
342 1856 349 1890 ι
366 1839 524 1890 lutornmnte
536 1837 566 1888 S.
586 1834 692 1887 Proculi
703 1835 818 1904 episcopi
828 1842 852 1887 et
874 1837 1016 1904 artartprir,
1042 1836 1088 1897 qni

289 1919 345 1979 post
357 1909 438 1962 inulto
451 1906 555 1975 epreqia
569 1920 648 1974 opera
662 1921 678 1957 a
693 1902 714 1957 T
718 1904 780 1957 otilo
791 1902 936 1958 Gotlrorum
956 1923 1014 1975 rope
1025 1906 1087 1973 jas-
1105 1936 1111 1946 ·

289 1996 334 2034 sus
352 1987 389 2033 ert
404 1976 539 2032 decollari.
556 1974 642 2029 ilaltet
656 1976 716 2045 ojns
730 1985 789 2030 aeta
807 1976 901 2029 Poteris
917 1979 943 2029 io
958 1977 1087 2045 Cataiogo

291 2050 339 2104 lib.
356 2065 376 2111 t,
388 2064 449 2119 cap.
464 2048 507 2112 td,
519 2047 671 2116 asseritque
684 2047 719 2100 de
732 2047 851 2114 partitam
865 2045 951 2117 Syrias
965 2057 1088 2117 tompore

289 2121 387 2177 lustioi
403 2119 575 2187 imperatoris
589 2117 702 2172 Domum
711 2120 830 2181 uertisse,
843 2132 959 2188 enitique
973 2119 1087 2189 prosby-

292 2201 379 2247 torum
402 2192 586 2245 ordinaturos
607 2199 702 2245 sancto
725 2188 868 2243 llalentiuo
893 2188 1088 2245 interamnensi

293 2264 433 2333 pontilioe,
450 2260 593 2328 eidemque
607 2275 654 2328 par
678 2262 838 2331 arrartyritnn
855 2260 961 2313 soldaio
980 2275 1090 2316 succes-

292 2335 362 2390 sisse
376 2336 402 2388 in
417 2334 585 2403 episcopatu,
600 2348 631 2385 ac
648 2333 755 2385 totidem
775 2331 853 2398 jussu
869 2330 964 2385 'iouia
975 2331 1091 2385 decolia-

294 2414 361 2462 tuna.
376 2405 507 2461 Existimo
520 2416 609 2457 tamen
623 2406 693 2456 lutuno
708 2419 761 2456 ιιιιιι
778 2403 859 2456 l'oisse
874 2402 1031 2471 episcopum
1048 2405 1090 2458 in·

293 2485 504 2534 lenatttneusent.
520 2476 567 2528 sed
582 2474 772 2536 unanimem,
784 2482 811 2526 et
820 2473 992 2528 Valentinum
1002 2475 1089 2541 ilium,

291 2549 336 2602 eui
351 2550 483 2602 sitccessit
496 2544 523 2600 in
534 2548 702 2616 episcopato,
717 2545 895 2600 Narrrrieusorn
913 2546 1024 2613 puriter,
1036 2558 1090 2601 non

293 2619 527 2676 litteraturaeosem
548 2618 691 2686 presulem
707 2616 1091 2686 iniisse,irrepsissaqaooaon-

292 2690 366 2754 druria,
379 2700 408 2745 ut
423 2705 471 2758 pre
486 2688 645 2753 Narniensi,
663 2687 996 2753 interartineusisdicatur,
1011 2705 1091 2742 ocea-

292 2763 370 2815 siooe
384 2762 419 2815 air
432 2761 485 2813 aiio
498 2759 674 2815 ilaleutiuoot
684 2761 800 2814 Drocirlo
813 2760 872 2826 ejtts
885 2758 1088 2828 tttDisarocpta.

293 2832 403 2888 iloaeur
417 2841 507 2885 anilem
522 2845 556 2884 ex
570 2844 603 2885 eo
618 2833 688 2897 aquinari
705 2831 846 2888 Usuarrlos
859 2845 913 2882 aron
926 2831 990 2898 legit
1002 2829 1089 2885 liutar-

292 2919 386 2969 anrnre,
403 2904 451 2957 scd
468 2903 570 2957 sinitote
584 2901 702 2969 illurnio,·
713 2914 739 2958 et
756 2903 782 2955 in
802 2900 1001 2970 antiquitates.
1019 2905 1091 2958 llar-

293 2974 418 3045 tyrolugii
434 2974 547 3027 ilotnaui
567 2973 722 3037 corlieilrus,
737 2973 890 3043 praesertim
915 2972 942 3027 in
963 2988 996 3028 eo
1018 2976 1089 3045 qood

293 3043 388 3101 ilomae
398 3048 423 3100 in
440 3043 561 3099 Ecclesia
576 3044 604 3100 S.
621 3044 729 3115 Cyriaci
740 3045 859 3098 trinarium
874 3046 1089 3101 uetustissimum

293 3115 419 3179 trolano,
431 3117 470 3171 sie
481 3116 593 3187 iegitur:
602 3114 702 3170 Narrris
715 3116 846 3171 natalisS.
857 3113 964 3170 Proculi
976 3119 1090 3189 episcopi

292 3196 317 3241 et
329 3190 461 3259 otartpris.
478 3188 613 3258 Quidquid
627 3189 661 3242 de
684 3188 759 3242 uriais
782 3191 891 3241 otauniae
910 3188 964 3252 sit,
984 3200 1089 3244 eertum

293 3267 336 3313 cst
350 3260 488 3315 diversum
505 3260 648 3314 Proculum
665 3260 773 3314 luissea
788 3261 876 3328 primo
892 3259 954 3327 illo,
969 3262 1089 3329 quando·

294 3329 402 3398 quidem
417 3332 463 3386 iile
482 3333 621 3387 saeeitlaris
632 3331 712 3393 ciris,
730 3331 773 3385 iiie
787 3332 951 3401 episeopus,
972 3333 1020 3385 iiie
1039 3335 1090 3388 sul)

293 3399 423 3457 Rrrrtranis
437 3403 603 3474 principuus
624 3403 772 3458 Ecclesiam
786 3404 1009 3471 persequentibus
1022 3445 1029 3468 ,
1046 3407 1090 3458 iiie

294 3473 345 3526 sula
357 3473 444 3530 Totila
461 3487 556 3543 passus
567 3484 619 3537 est,
635 3474 735 3527 maritos
748 3482 810 3543 post
828 3488 923 3526 unitos.
946 3476 1017 3528 Duos
1040 3490 1089 3529 au·

295 3549 348 3595 leun
364 3546 476 3611 reperiri
495 3546 652 3600 Valentinos
666 3545 814 3612 episcopos
825 3555 853 3599 et
867 3557 1019 3615 martyres,
1036 3561 1090 3600 riou

295 3614 459 3679 tuirandum,
473 3630 533 3668 euin
542 3616 653 3671 aliasex
666 3627 788 3668 aetorum
802 3625 828 3671 et
840 3618 974 3686 martyrii,
983 3632 1015 3672 ae
1027 3628 1091 3673 tent·

296 3698 390 3752 porum
406 3685 536 3740 distantia
551 3687 629 3741 ovatae
642 3688 763 3742 diversos
776 3702 837 3742 csse
848 3698 963 3742 coristet.

331 3755 369 3810 De
381 3757 436 3812 alio
448 3756 478 3811 S.
492 3758 607 3813 l'roeuio
622 3769 741 3829 martyre
755 3759 916 3815 interamnis
936 3774 1016 3829 passo
1037 3760 1091 3817 ies-

296 3835 351 3880 tum
364 3828 453 3898 agitur
468 3832 512 3887 die
528 3831 561 3886 il
581 3831 684 3900 Aprilis
701 3833 780 3885 sirirui
795 3845 855 3885 curn
871 3831 900 3887 S.
915 3834 1045 3888 Domuinu
1062 3843 1090 3890 el

292 3898 429 3980 sonitibus.
444 3901 575 3960 Duronius
591 3907 677 3975 ipsunt
692 3919 753 3959 eum
768 3907 864 3975 altero,
889 3904 924 3960 de
942 3921 996 3977 quo
1019 3920 1090 3962 ntrnc

294 3967 425 4041 diximus,
441 3978 611 4032 coralttndens
624 3978 779 4047 episcopum
801 3976 885 4033 iuuisse
903 3978 1088 4033 existimavit:

1139 1339 1324 1409 lanperatoris,
1340 1339 1438 1408 quilnts
1457 1339 1528 1392 iliam
1545 1337 1734 1392 Gerrnanieam
1749 1339 1821 1394 sitim
1843 1337 1941 1396 Cirris-

1138 1412 1273 1465 tianorom
1302 1411 1372 1465 iorte
1393 1410 1510 1464 militum
1534 1409 1758 1474 precationibus,
1787 1410 1940 1480 intpetrato

1137 1482 1233 1547 imino,
1250 1481 1371 1536 sedatam
1387 1490 1510 1535 testator.
1528 1481 1593 1535 Eram
1616 1479 1759 1548 epistolam
1783 1496 1815 1535 ex
1840 1483 1940 1540 codice

1139 1570 1189 1607 nis.
1203 1552 1523 1606 Varticanasiailrliotlaecao
1536 1552 1626 1606 reddit
1640 1551 1771 1605 it-oontos
1787 1566 1859 1606 anno
1870 1556 1938 1623 tie,

1138 1634 1164 1677 ct
1179 1622 1335 1691 Doupirrios
1365 1623 1413 1676 iil).
1436 1639 1453 1676 n
1469 1623 1624 1677 Fastorum.
1649 1622 1723 1676 liniti
1749 1622 1939 1681 Romanarum

1140 1710 1229 1749 terrant
1246 1692 1347 1747 ellinici
1361 1693 1511 1762 scriptores
1526 1694 1585 1762 ejus
1600 1695 1770 1748 nriioenlosm
1783 1697 1894 1763 pluvias,
1911 1705 1942 1752 et

1139 1766 1261 1819 victuriae
1277 1765 1471 1832 meminerunt,
1489 1766 1534 1818 sed
1550 1777 1640 1818 tattteti
1657 1763 1894 1821 odioCinistianae
1910 1768 1941 1822 il·

1139 1838 1182 1889 dei
1197 1837 1283 1901 dricti,
1298 1836 1359 1889 aliis
1373 1838 1486 1905 gloriam
1501 1835 1757 1891 attriirurtrtt.lulitts
1767 1836 1947 1906 Capitolinus

1141 1909 1231 1961 llario
1255 1907 1306 1975 ipsi
1331 1907 1457 1972 littrolio;
1485 1907 1535 1962 Dio
1561 1907 1682 1973 arnupln
1704 1907 1813 1961 cuidam
1840 1924 1938 1981 mago;

1141 1977 1262 2031 nonrmlli
1278 1979 1424 2032 nesciocui
1454 1979 1564 2033 triliano
1592 1994 1680 2047 mago.
1702 1981 1837 2032 Caeterum
1861 1990 1941 2036 recte

1140 2049 1299 2117 Xipinliuus
1321 2050 1432 2103 Dionem
1448 2049 1584 2119 redarguit
1600 2049 1738 2113 falsitatis,
1754 2062 1809 2104 tunt
1821 2053 1887 2120 quia
1903 2052 1939 2107 tl.

1141 2121 1270 2174 darrelius
1298 2135 1444 2187 numquam
1467 2135 1560 2189 magus,
1588 2123 1743 2185 eorrsoluit,
1773 2131 1818 2174 ant
1842 2138 1940 2179 eornm

1140 2194 1228 2260 opere'
1241 2191 1393 2245 delectatus
1410 2192 1468 2257 ituit,
1486 2202 1540 2244 turo
1553 2191 1633 2245 etlam
1647 2193 1709 2261 quia
1725 2208 1806 2245 iterato
1818 2192 1943 2250 talisrir·

1141 2263 1239 2329 nupiris
1255 2278 1382 2331 trutquam
1399 2265 1533 2316 intersiluit.
1553 2263 1588 2315 Do
1605 2264 1719 2318 victoria
1733 2278 1796 2316 nerra
1810 2263 1869 2332 ipsa
1885 2281 1941 2334 ope

1140 2333 1355 2387 Christianorum
1369 2334 1515 2401 impetrata
1530 2335 1621 2402 plurria
1636 2335 1781 2401 uleQnaaiis
1792 2351 1822 2387 uu
1834 2336 1941 2391 alarco-

1142 2406 1250 2458 toannis
1262 2413 1397 2470 reportata
1410 2417 1492 2475 agunt
1506 2406 1675 2461 Claudianus
1692 2410 1718 2459 iu
1734 2422 1760 2459 vt
1783 2404 1938 2462 Cortsulattt

1142 2476 1253 2530 liunorii
1266 2475 1312 2529 lib.
1330 2491 1348 2529 ι.
1363 2475 1537 2531 Teutniiarms
1552 2477 1666 2543 Apolog.
1681 2492 1741 2545 cap.
1757 2477 1773 2530 5
1787 2478 1862 2532 etad
1877 2478 1945 2534 Soa·

1144 2546 1351 2617 petauroque,
1368 2547 1502 2600 Errscbius
1525 2547 1624 2601 iterum
1640 2549 1686 2602 liu.
1700 2566 1716 2602 ι
1731 2565 1791 2613 cap.
1809 2552 1836 2613 ὸ,
1854 2566 1887 2604 ex
1905 2553 1941 2603 Α·

1145 2620 1277 2683 potlioaro
1292 2617 1515 2686 iiior-apollineo:
1532 2619 1565 2672 de
1579 2634 1632 2688 quo
1647 2621 1728 2688 paulo
1743 2619 1872 2688 saperius
1885 2622 1944 2690 egit

1146 2690 1254 2743 Dexter.
1271 2690 1364 2742 iiastat
1380 2691 1468 2741 nolitne
1479 2690 1584 2758 insigne
1598 2692 1665 2744 lariti
1681 2692 1801 2746 ntiraeoli
1816 2694 1944 2747 testimo-

1144 2760 1218 2814 uiunt
1238 2761 1264 2814 in
1280 2757 1412 2813 Columna
1434 2760 1467 2812 ll.
1494 2760 1618 2828 Aurelii,
1635 2763 1728 2817 Donate
1755 2778 1827 2816 illinc
1849 2763 1944 2818 Sancti

1144 2830 1222 2885 Pauli
1237 2841 1400 2899 niirreupata,
1418 2832 1463 2885 ulai
1478 2841 1532 2887 tuta
1559 2834 1599 2886 rei
1616 2835 1726 2887 ilistoria
1750 2836 1880 2888 irroranori
1899 2835 1944 2890 iu·

1142 2904 1198 2955 ona
1221 2904 1353 2965 corruitur,
1370 2903 1447 2970 citios
1458 2905 1563 2972 copiam
1577 2902 1707 2958 liaronias
1718 2914 1869 2962 extractam
1884 2907 1944 2961 Ari·

1143 2974 1249 3029 nalibos
1263 2973 1319 3026 suis
1333 2974 1457 3027 iitseruit.
1475 2975 1587 3044 Legiuni
1603 2987 1694 3030 autem
1710 2976 1787 3044 cuijus
1808 2991 1862 3046 ope
1882 2979 1942 3033 vie·

1143 3047 1210 3098 toria
1236 3044 1346 3099 obtenta
1370 3053 1421 3107 esi.
1442 3044 1646 3101 Farintinatriois
1680 3061 1778 3102 nornen
1806 3046 1945 3104 indidisse

1142 3130 1237 3171 ouines
1252 3116 1385 3170 soriituot.
1398 3114 1531 3171 Caeterum
1544 3117 1646 3172 inilites
1659 3117 1726 3172 inea
1742 3118 1878 3186 llisponos
1893 3134 1946 3174 ex·

1142 3187 1246 3242 stitisse
1281 3187 1349 3240 saitis
1381 3195 1494 3241 testator
1520 3189 1662 3257 inscriptio
1689 3188 1733 3241 alia
1759 3190 1942 3258 sepulcralis,

1142 3275 1222 3319 iratam
1238 3258 1327 3315 ,icilius
1347 3257 1458 3313 inscitus
1483 3258 1605 3327 ejusdcm
1632 3261 1745 3329 legionis
1765 3261 1844 3315 rutiles
1866 3262 1944 3316 lulio

1141 3329 1268 3384 Secundo
1285 3330 1382 3383 iiircrtu
1397 3343 1448 3382 stro
1463 3330 1563 3397 postult,
1579 3338 1607 3384 et
1626 3332 1695 3400 apud
1720 3332 1850 3387 Moralem
1869 3332 1943 3402 legi-

1142 3415 1201 3455 mus
1217 3402 1267 3456 sul)
1284 3401 1325 3455 uis
1338 3401 1429 3455 verbis
1444 3402 1490 3454 iiia.
1504 3416 1542 3466 rx,
1556 3416 1581 3453 c.
1596 3402 1630 3457 58
1644 3419 1651 3456 a
1667 3401 1740 3455 lulio
1754 3402 1876 3458 Secundo
1896 3405 1944 3474 qui

1141 3472 1203 3526 nisit
1218 3489 1280 3527 atta.
1295 3487 1388 3526 xxxia.
1410 3471 1475 3525 Duil
1495 3472 1528 3525 D.
1545 3471 1580 3525 X.
1603 3473 1633 3529 C.
1652 3473 1743 3528 Julius
1762 3472 1891 3538 irrseltos,
1906 3476 1944 3529 le-

1141 3546 1224 3611 gionis
1240 3559 1285 3597 att.
1301 3541 1325 3593 F
1328 3544 1519 3607 ulrrrinutricis,
1541 3546 1632 3599 lilcrtu
1652 3545 1713 3599 irene
1738 3547 1844 3599 nierenti
1867 3547 1940 3616 feeit.

1141 3614 1260 3669 tlorasule
1275 3615 1400 3668 Drosiutu
1417 3614 1522 3680 liinan,
1533 3630 1594 3686 eap.
1608 3617 1653 3671 iii.

1178 3687 1209 3741 tl.
1223 3687 1255 3741 C.
1272 3684 1334 3741 iso.
1352 3712 1387 3724 -
1402 3686 1428 3739 i.
1447 3686 1604 3749 diatoninas,
1624 3698 1678 3742 etc.
1694 3687 1836 3743 Cotrseutit
1850 3687 1941 3744 Euse-

1142 3756 1213 3823 bius,
1229 3758 1305 3827 ottjus
1318 3756 1375 3811 ineo
1387 3767 1449 3810 sunt
1460 3763 1544 3825 verina
1558 3760 1609 3812 itoc
1620 3760 1678 3826 ipso
1689 3775 1759 3812 :inno
1772 3778 1779 3811 ι
1793 3760 1943 3815 Antoninos

1141 3827 1310 3883 Commodum
1322 3829 1407 3896 {ilium
1418 3843 1493 3881 arram
1505 3839 1652 3884 consortem
1661 3832 1734 3901 requi
1749 3832 1822 3903 facit.
1834 3830 1898 3897 Qua
1908 3831 1944 3885 de

1142 3902 1350 3969 reimrnpridius
1363 3899 1390 3952 io
1402 3901 1551 3954 Coorumdo
1563 3913 1589 3955 ot
1604 3903 1661 3955 alii.
1674 3903 1842 3955 detortinurn
1858 3902 1942 3957 istum

1143 3987 1197 4026 nou
1216 3973 1300 4026 alium
1329 3986 1408 4041 quam
1432 3971 1466 4024 ti.
1489 3973 1629 4027 drurcliuru
1654 3974 1802 4043 intelligas.
1820 3970 1946 4029 Consule

295 4053 322 4098 et
336 4051 467 4115 usquead
481 4050 631 4106 liumarturn
653 4050 874 4121 llartyrologium
903 4053 1029 4106 ntemluut
1054 4045 1126 4107 ir·C
1143 4044 1281 4109 (ivosium,
1297 4044 1346 4097 liii·
1359 4057 1405 4110 att,
1423 4057 1447 4095 θ’
1465 4043 1508 4098 ¹5·

296 4117 397 4183 repsit3
411 4133 472 4173 erim
485 4129 575 4177 tamen
587 4134 651 4175 ante
661 4123 842 4177 Daronianaru
855 4123 927 4176 iilius
938 4125 1088 4176 eorrectio·

295 4198 357 4239 nem
373 4190 467 4244 titulus
481 4193 602 4262 episcopi
617 4193 644 4245 in
662 4203 734 4246 texto
750 4195 865 4247 deesset.
881 4193 915 4246 Et
929 4195 968 4248 sie
980 4207 1091 4258 prorsus

296 4254 439 4324 legendnm
456 4264 571 4318 suadent
595 4276 694 4318 eaetora
720 4262 922 4334 ilartyrologia.
952 4263 1092 4320 {isuardus

294 4329 382 4383 sulum
399 4332 480 4389 habet
495 4350 502 4387 :
519 4333 677 4388 interamnis
694 4334 727 4387 B.
746 4333 854 4388 Procrtli
869 4335 999 4406 arrartpris.
1023 4332 1091 4390 itcrn

295 4396 326 4453 S.
341 4399 477 4459 Domitiam
491 4406 598 4476 oirpinir
610 4408 751 4460 contrariis
763 4405 1049 4476 uirginiiruscoronulre.
1059 4407 1091 4462 Ei

294 4470 388 4525 adeun
408 4475 491 4531 rerba
505 4476 606 4533 haberit
621 4477 693 4532 Beda
706 4488 733 4534 et
756 4477 830 4540 Ario,
846 4484 875 4532 et
889 4481 1025 4533 consentit
1041 4479 1092 4534 Pe·

295 4549 352 4597 trus
366 4543 520 4610 Galesious.
536 4549 575 4605 sie
590 4550 730 4620 iuquiens,
755 4549 909 4603 litterannir‘
926 4551 957 4605 S.
984 4548 1091 4605 Proculi

294 4617 426 4688 martyris,
440 4620 500 4674 item
514 4619 651 4676 Dorrrninte
659 4622 764 4694 uirginis
774 4632 798 4674 et
820 4622 959 4686 sociorum,
974 4632 1027 4677 eie.
1041 4621 1092 4676 Pc-

294 4693 352 4741 trus
378 4705 487 4761 quoque
519 4694 662 4764 eqtilions
687 4694 732 4748 lala.
752 4708 779 4748 ιι
794 4692 915 4765 Catalogi
942 4707 1001 4764 cap.
1027 4695 1089 4763 i5ll,

294 4772 369 4814 ιιιιιιι.
386 4761 449 4830 iti,
463 4766 520 4820 iiaee
536 4767 632 4821 tranet:
646 4763 775 4820 Proculus
790 4777 888 4892 nturapr
910 4776 933 4819 st
963 4757 1102 4820 Domnina'

292 4829 435 4902 oirpoaunt
457 4838 533 4891 sociis
545 4837 685 4910 carpinione
707 4840 764 4908 ipso
787 4840 829 4892 die
865 4839 1005 4892 interamnis
1020 4837 1093 4905 passi

293 4914 363 4956 sunit.
375 4904 435 4972 Quo
448 4908 540 4963 videus
564 4910 718 4964 nullatenus
733 4912 877 4966 l’roeulurn
889 4909 972 4963 istum
986 4910 1092 4978 episeo-

295 4976 464 5044 puniiuisse‚
484 4978 531 5033 sed
546 4983 686 5034 dumtaxat
711 4993 877 5052 naartyrcm,
897 4982 967 5034 sieut
994 4980 1093 5034 Dexter

295 5048 346 5102 iroe
361 5048 421 5104 ioco
435 5050 523 5118 ipsum
540 5052 673 5114 nominat,
690 5059 811 5120 atquem
828 5054 902 5122 prius
918 5050 1048 5106 Domuina
1065 5056 1093 5104 et

295 5132 405 5174 sentires
416 5120 617 5176 illustrat-orant
632 5127 766 5192 sangnine
780 5124 841 5177 lnso
856 5122 1019 5177 nobilitarit.
1036 5121 1091 5177 alit

294 5188 442 5257 igiturdno
455 5192 563 5247 Proculi
577 5195 603 5247 in
621 5191 706 5261 ltalia,
723 5194 767 5249 irie
792 5206 881 5250 nartem
910 5196 937 5247 in
962 5193 1092 5262 iiispania

295 5260 480 5329 triumpharit.
498 5261 566 5320 llide
578 5280 639 5338 quar
653 5264 687 5318 de
701 5280 735 5321 eu
749 5265 918 5321 etDunmiua
929 5265 1047 5321 dixirous
1059 5263 1092 5319 ad

295 5347 395 5386 annum
414 5333 475 5388 tou.

330 5405 357 5459 5.
371 5401 538 5459 Orationibus
553 5406 770 5476 Christianorum,
782 5419 835 5465 ele.
848 5409 947 5464 Fusius
959 5408 1016 5463 itare
1030 5421 1091 5478 pet·-

294 5476 416 5547 sequitur
429 5476 562 5532 Cusoinius
578 5480 604 5531 in
620 5480 775 5543 tiirronleo,
802 5495 873 5536 atino
898 5480 1002 5535 ilumini
1024 5479 1088 5534 llo.

294 5547 451 5618 inoperatur,
466 5549 515 5616 aii,
532 5550 678 5603 Antoninus
699 5552 785 5606 miritis
798 5553 932 5607 aduersum
943 5568 969 5606 se
983 5564 1090 5604 nasccn-

292 5620 359 5674 tibns
372 5618 445 5674 bellis
455 5635 523 5690 sape
534 5621 589 5689 ipse
602 5621 735 5683 intererat,
748 5639 815 5696 sirpe
829 5625 905 5678 dares
918 5622 1091 5677 nobilissimos

292 5692 452 5758 destinarat,·
467 5692 494 5745 in
506 5694 598 5763 quiores
617 5694 695 5748 semel
709 5695 873 5765 pertinaciter
886 5694 1030 5759 exercitui,
1047 5693 1091 5760 qni

292 5779 350 5817 eum
365 5780 393 5819 eo
405 5764 432 5819 in
449 5763 601 5831 Quadorum
615 5766 721 5836 reqionr
733 5768 879 5836 prrqnolat,
904 5766 946 5818 siti
968 5778 1091 5834 oppresso

292 5834 379 5901 pluuia
392 5836 515 5891 ‹lininrlus
530 5839 609 5892 missa
623 5846 659 5891 est
675 5851 682 5887 .·
707 5851 765 5888 cunt
788 5837 932 5891 econtrario
947 5835 1090 5889 Cernmnoa

289 5912 313 5958 et
324 5902 460 5964 Sannotas
472 5908 584 5978 sulrnina
598 5917 808 5979 persequerentur
817 5919 841 5964 er
854 5907 982 5978 plurimos
997 5921 1088 5962 rorum

1178 4116 1205 4170 2.
1224 4115 1346 4177 Utriculi,
1362 4125 1416 4168 ete.
1433 4116 1541 4178 stratio,
1557 4115 1604 4170 iila.
1622 4131 1650 4170 ιιι
1663 4113 1856 4186 Geograpltiae,
1872 4116 1947 4171 inter

1144 4187 1293 4256 praecipitas
1306 4185 1413 4239 Baeticae
1428 4189 1577 4255 praraineiae
1590 4190 1683 4253 irrites,
1696 4198 1792 4256 quarto
1804 4188 1866 4240 loco
1877 4203 1946 4243 eon-

1143 4260 1231 4313 stituit
1246 4258 1358 4320 Barim,
1378 4257 1499 4311 ritleiicet
1517 4271 1578 4326 post
1592 4259 1762 4323 Curtlubarn,
1788 4256 1896 4321 Gades,
1917 4267 1948 4312 et

1145 4330 1286 4400 llispalini.
1312 4327 1407 4383 Dauum
1428 4337 1519 4382 atatem
1532 4331 1565 4384 aia
1579 4346 1611 4382 ιιιι
1626 4329 1705 4384 Datis
1719 4330 1817 4383 Durius
1833 4340 1863 4383 et
1879 4345 1946 4399 pro·

1144 4402 1229 4455 niueis
1249 4412 1302 4456 tota
1320 4400 1417 4453 Bantius
1431 4398 1502 4453 dicta
1517 4399 1616 4464 irretit,
1636 4417 1670 4455 an
1687 4416 1752 4455 uero
1766 4400 1871 4455 Ciritas
1886 4402 1946 4456 line

1144 4490 1156 4523 a
1172 4473 1253 4527 druvio
1269 4485 1368 4527 taurinen
1383 4473 1528 4537 acceperit,
1541 4471 1656 4528 delinire
1668 4487 1722 4525 non
1737 4472 1837 4526 audeo.
1853 4472 1947 4527 Latini

1144 4559 1203 4599 eam
1219 4551 1349 4597 vireat-unt
1365 4540 1523 4601 Utriculnm.
1541 4546 1613 4613 quod
1630 4544 1704 4614 quasi
1721 4545 1748 4597 in
1763 4544 1857 4597 narrrlio
1873 4544 1947 4597 uteri

1145 4617 1229 4671 totins
1244 4614 1351 4668 Baetieao
1370 4613 1518 4668 curasrituta
1533 4625 1616 4668 esset.
1641 4615 1726 4670 ilodie
1740 4615 1947 4679 aliquantulam

1144 4694 1249 4742 ilaritate
1268 4687 1399 4748 notitiae,
1417 4682 1511 4738 Dtrero
1524 4685 1633 4751 dieitur,
1655 4700 1794 4756 propeque
1812 4686 1946 4752 llispalint

1143 4759 1244 4815 existit.
1261 4755 1309 4810 iiie
1323 4756 1402 4823 igitur
1418 4757 1530 4826 insignis
1545 4758 1592 4811 ilie
1607 4757 1725 4824 Larcius,
1749 4758 1791 4811 soi
1810 4759 1946 4826 temporis

1145 4832 1170 4884 in
1187 4828 1305 4884 oratoria
1324 4826 1452 4881 iacuitate
1469 4830 1614 4893 praeclaros
1635 4838 1734 4892 natus,
1752 4829 1850 4883 Romae
1870 4838 1948 4896 post-

1145 4903 1253 4955 modum
1267 4898 1442 4952 veliementer
1458 4898 1566 4962 lloruit,
1581 4901 1659 4971 eujos
1672 4914 1733 4955 eum
1750 4913 1848 4966 inagna
1863 4900 1948 4956 laudo

1145 4971 1269 5026 ntentinit
1293 4970 1378 5024 Lances
1399 4969 1533 5024 'ludensis
1548 4970 1575 5024 in
1599 4971 1712 5042 prologo
1731 4973 1773 5027 sui
1788 4970 1945 5037 Clitumni,

1144 5046 1208 5099 dum
1222 5043 1331 5098 trevam
1345 5041 1489 5096 illustrium
1507 5041 1624 5097 uirorum
1640 5043 1703 5097 iacit
1715 5044 1885 5114 catalogum,
1900 5044 1946 5114 qui

1145 5117 1171 5171 in
1189 5115 1235 5170 ilio
1257 5114 1315 5169 :attia
1332 5114 1387 5165 tratti
1402 5123 1475 5164 stunt.

1179 5191 1206 5246 5.
1219 5129 1277 5240 iilos
1289 5193 1411 5255 trnrpore,
1427 5194 1481 5239 etc.
1499 5185 1621 5240 Potuisse
1635 5183 1806 5240 Christianus
1822 5187 1945 5240 uexatio-

1146 5278 1219 5327 nom,
1242 5271 1324 5328 quam
1343 5257 1377 5308 ab
1396 5256 1513 5311 etltoieis
1540 5259 1709 5324 patiebantur
1731 5257 1849 5326 peeunia
1872 5256 1946 5311 redi·

1145 5348 1232 5396 mere,
1246 5341 1361 5383 nervose
1375 5337 1403 5381 et
1417 5328 1557 5398 eleganter
1569 5329 1662 5383 docuit
1674 5330 1703 5382 S.
1714 5327 1814 5384 Petrus
1827 5329 1947 5384 alexant-

1145 5405 1240 5460 drions
1254 5399 1398 5468 episeopus
1410 5408 1438 5455 et
1450 5412 1553 5471 toartyr
1566 5419 1572 5454 ε
1588 5401 1667 5469 idque
1680 5405 1811 5455 coristare
1823 5414 1858 5454 ex
1871 5399 1952 5455 detis

1143 5472 1328 5546 apostolorum
1341 5484 1402 5541 cap.
1412 5486 1465 5526 xvir
1482 5470 1725 5541 prolientuonnulli
1740 5484 1819 5524 :nam
1832 5471 1870 5526 ibi
1882 5470 1961 5541 iegi—

1143 5560 1219 5614 mus,
1240 5542 1311 5615 qurod
1334 5551 1428 5598 exorto
1444 5543 1649 5598 Titessaiooiem
1669 5539 1807 5597 seditione
1823 5542 1849 5596 in
1866 5540 1957 5596 disei-

1143 5619 1232 5688 pulos‚
1243 5631 1257 5669 a
1268 5609 1369 5668 ludaeis
1379 5614 1590 5670 uoeiieruntious
1602 5632 1609 5668 r
1623 5614 1755 5680 Quoniam
1765 5612 1793 5665 lri
1802 5613 1847 5681 qui
1858 5613 1947 5667 arten

1142 5690 1319 5751 concitasset
1333 5683 1384 5738 lanc
1395 5695 1526 5753 carnerunt,
1540 5703 1604 5757 qnos
1617 5686 1730 5752 suscepit
1744 5681 1842 5751 Joson,
1858 5695 1947 5738 coartra

1143 5762 1246 5815 decreto
1268 5756 1378 5812 Cereris
1403 5759 1520 5823 lurinrrt,
1545 5774 1630 5830 repent
1653 5757 1735 5810 uliam
1756 5755 1876 5811 direntes
1895 5770 1944 5810 eser

1143 5831 1241 5887 iesum.
1257 5828 1455 5884 conterraneum
1475 5841 1560 5883 urttern
1577 5829 1676 5899 plebeos
1693 5836 1717 5880 et
1736 5827 1874 5895 prtrrctpes
1889 5826 1940 5878 riai-

1144 5907 1205 5959 totis
1220 5901 1355 5956 audientes
1375 5899 1439 5955 aec.
1460 5898 1596 5958 Caeterum
1611 5911 1716 5971 arrepta
1733 5899 1939 5971 satisioctionrs
