4192 6434
294 400 442 460 tta-⁷>

1268 396 1744 460 ntsrottlattuat
1786 396 1994 456 Ltsssstt
2034 397 2151 457 vit.
2190 397 2344 456 CAP.
2390 396 2615 456 XXXV.

3457 398 3599 460 ¹154

290 516 531 588 pattium
560 526 778 572 comes:
811 511 903 585 qui
934 526 1058 571 cum
1104 513 1351 586 ignarum
1382 517 1767 588 imperatorem
1794 515 1899 573 cir·
1924 526 1978 588 Α
2003 511 2356 577 Gothorum,
2398 525 2568 582 quos,
2605 505 2918 580 praemissos
2973 520 3004 562 a
3056 505 3386 578 Theodosio,
3419 511 3601 568 Arbo-

290 608 612 681 cumpositis
640 608 953 680 excepisset
1001 607 1241 675 insidiiS,
1289 625 1591 666 conversus
1621 609 1688 664 ad
1740 623 1893 665 reve·

292 702 531 761 rentiam
558 703 847 773 praesentis
871 700 1122 772 Augusti,
1148 716 1255 756 non
1285 702 1462 758 solum
1493 701 1735 772 periculo
1757 700 1896 757 libe·

296 797 461 869 ravit,
491 796 875 853 verumetiam
919 793 1181 850 instruxit
1212 794 1438 852 auxilio.
1490 800 1560 851 At
1610 795 1698 851 ubi
1730 793 1778 826 ’θ
1826 793 1893 849 ad

294 892 549 963 contigua
604 887 909 946 miscendae
958 903 1152 959 pugnae
1197 889 1369 957 spatia
1402 897 1732 959 perventum
1786 896 1895 953 est,

292 984 560 1043 continuo
580 996 810 1054 magnus
831 980 921 1037 ille
949 989 1006 1037 et
1030 979 1320 1036 ineffabilis
1342 980 1504 1036 turbo
1526 990 1811 1036 ventorum
1839 979 1895 1035 in

293 1093 393 1135 ora
416 1076 660 1134 bostium
676 1074 807 1130 ruit.
828 1073 1167 1131 Ferebantur
1188 1073 1234 1104 ²⁸
1252 1087 1347 1143 per
1363 1087 1489 1129 aera
1510 1071 1714 1142 spicula
1730 1073 1893 1127 missa

292 1171 343 1205 ²⁸
366 1179 684 1227 nostrorum
715 1182 901 1233 manu,
945 1173 1111 1236 atque
1152 1165 1292 1222 ultra
1335 1179 1641 1220 mensuram
1674 1162 1895 1218 humani

292 1262 597 1335 ’⁷jactus¹⁸
615 1275 712 1332 per
740 1273 995 1331 magnum
1025 1257 1186 1314 inane
1210 1266 1443 1329 portata,
1473 1271 1739 1328 nusquam
1773 1269 1897 1325 pro-

291 1356 592 1429 pemodum
618 1352 838 1422 cadere,
881 1352 1195 1424 priusquam
1228 1350 1615 1423 impingerent,
1645 1350 1896 1406 sineban-

290 1459 406 1507 tur.
437 1449 614 1506 Porro
656 1456 836 1504 autem
888 1446 1047 1502 turbo
1084 1446 1371 1500 continuus
1425 1459 1520 1500 ora
1567 1451 1897 1515 pectoraque

293 1539 595 1598 bostium¹¹⁹
624 1554 769 1596 nunc
795 1537 954 1594 illisis
980 1537 1218 1605 graviter
1247 1534 1422 1591 scutis
1446 1534 1493 1566 ⁸⁰
1514 1533 1893 1599 everberabat,

294 1632 457 1706 501
485 1646 631 1688 nunc
652 1629 933 1702 impressis
959 1627 1312 1698 pertinaciter
1333 1627 1376 1659 ⁸²
1390 1626 1662 1682 obstructa
1680 1625 1898 1682 claude-

293 1724 462 1792 ΜΩ*
488 1720 845 1781 nnncavulsis
858 1719 1127 1776 violenter
1140 1718 1397 1775 destituta
1412 1716 1673 1784 nudabat,
1693 1716 1895 1775 ³‘nunc

292 1814 567 1887 oppositis
580 1814 786 1886 jugiter
811 1812 865 1869 in
900 1821 1054 1884 terga
1081 1811 1336 1868 trudebat
1365 1827 1378 1864 ι
1412 1810 1518 1866 tela
1540 1810 1703 1866 etiam
1728 1852 1743 1877 ‚
1776 1826 1898 1878 qute

292 1907 403 1981 ipsi
427 1907 779 1964 vehementer
799 1904 1154 1970 intorserant,
1177 1911 1404 1974 excepta
1425 1903 1603 1959 ventis
1622 1902 1668 1934 ⁸⁸
1691 1901 1897 1973 impetu
1927 1924 1976 1987 Β

293 2004 577 2076 supinata,
606 2017 671 2060 ac
698 2009 1001 2060 retrorsum
1029 2008 1215 2057 coacta
1247 1998 1396 2070 ipsos
1426 1996 1719 2054 infeliciter
1755 2011 1892 2054 con-

295 2094 563 2168 figebant.
597 2092 887 2165 Prospexit
912 2091 1019 2148 sibi
1045 2091 1296 2146 ltumanae
1317 2089 1668 2147 conscientiae
1694 2104 1891 2160 pavor:

293 2205 424 2249 nam
447 2189 709 2246 continuo
730 2202 853 2246 sese
868 2228 884 2257 ,
909 2201 1074 2259 parva
1101 2201 1323 2243 suorum
1348 2199 1513 2240 manu
1537 2183 1677 2252 susa,
1699 2183 1895 2240 victori

294 2281 610 2340 Theodosio
661 2279 878 2337 hostilis
923 2278 1220 2349 prostravit
1272 2277 1573 2335 exercitus.
1622 2277 1894 2348 Eugenius

294 2384 489 2448 captus
531 2383 699 2447 atque
748 2374 1071 2432 interfectus
1104 2380 1210 2431 est.
1261 2370 1591 2444 Arbogastes
1619 2371 1666 2404 ³⁶
1690 2386 1787 2427 sua
1835 2388 1895 2429 se

294 2484 464 2526 mann
495 2467 749 2540 perculit.
792 2466 868 2522 lta
908 2475 964 2522 et
1001 2465 1089 2522 liic
1113 2466 1345 2522 duorum
1386 2464 1653 2537 sangnine
1692 2464 1897 2520 bellum

294 2561 462 2621 civile
489 2561 537 2594 ⁸⁸
568 2562 890 2618 restinctum
917 2566 1034 2630 est,
1066 2559 1272 2631 absque
1307 2557 1415 2617 illis
1437 2557 1628 2616 decem
1659 2560 1899 2618 millibus

2001 616 2186 678 gastes
2212 606 2430 662 delesse
2476 603 2718 662 funditus
2765 603 2956 672 fertur,
3010 617 3149 675 quos
3198 602 3385 676 utique
3423 605 3606 675 perdi-

2005 697 2154 754 disse
2181 697 2394 753 lucrum
2426 704 2483 753 et
2512 694 2654 752 vinci
2689 693 2912 752 vincere
2944 692 3070 750 suit.
3100 691 3217 750 Non
3267 694 3469 750 insulto
3498 695 3602 752 ob·

2000 790 2386 848 trectatoribus
2420 789 2639 845 nostris.
2668 788 2845 845 Unum
2876 787 3097 859 aliquod
3141 787 3211 843 ab
3256 787 3414 843 initio
3443 787 3603 845 Urbis

1997 885 2235 940 conditae
2272 884 2480 940 bellum
2511 881 2788 952 proteram
2811 922 2828 948 ,
2860 890 2966 936 tam
2995 881 3082 952 pia
3110 880 3438 938 necessitate
3471 895 3600 936 sus·

2000 985 2251 1047 ceptum,
2295 985 2403 1032 tam
2445 976 2629 1032 divina
2660 975 2918 1032 felicitate
2947 973 3291 1040 consectum,
3337 983 3448 1030 tam
3485 974 3600 1031 cle·

1999 1067 2171 1124 menti
2200 1068 2535 1138 benignitate
2574 1066 2844 1139 sopitum,
2895 1065 2984 1121 ubi
3026 1079 3127 1123 nec
3172 1079 3348 1139 pugna
3380 1080 3600 1137 gravem

1999 1161 2238 1228 caedem',
2278 1175 2379 1218 nec
2420 1160 2655 1218 victoria
2690 1167 2973 1216 cruentam
3019 1159 3262 1231 exegerit
3289 1158 3552 1216 ultionem
3585 1177 3600 1216 ι

2001 1263 2058 1312 ct
2084 1254 2318 1312 fortasse
2364 1254 2664 1312 concedam
2692 1296 2707 1322 ,
2734 1262 2796 1310 ut
2838 1269 2946 1310 non
2995 1253 3113 1310 ltatc
3145 1252 3272 1310 tidei
3296 1253 3598 1310 Christiani

2000 1346 2157 1404 ducis
2186 1362 2447 1405 concessa
2497 1346 2808 1414 videantur,
2855 1345 3102 1418 quamvis
3142 1359 3244 1417 ego
3288 1344 3396 1403 boc
3444 1347 3602 1402 testi-

2003 1439 2188 1495 monio
2232 1454 2343 1495 non
2390 1438 2657 1507 laborem,
2686 1437 2905 1510 quando
2951 1452 3090 1493 unus
3117 1452 3184 1494 ex
3230 1437 3365 1507 ipsis
3393 1480 3406 1506 ,
3441 1446 3602 1509 poeta

2000 1531 2222 1601 quidem
2257 1531 2524 1599 eximius,
2575 1530 2672 1587 sed
2731 1544 2973 1602 paganus
3009 1528 3482 1600 pervicacissimus
3509 1572 3523 1597 ,
3555 1528 3601 1561 ⁸⁷

2000 1622 2315 1694 huiusmodi
2366 1622 2615 1681 versibus
2647 1633 2704 1680 et
2739 1624 2853 1680 Deo
2880 1629 2939 1680 et
2979 1621 3189 1678 homini
3229 1621 3604 1679 testimonium

2005 1714 2159 1786 tulit,
2192 1714 2389 1788 quibus
2414 1715 2494 1772 ait
2519 1733 2532 1770 :
3255 1742 3305 1789 g.

2129 1894 2170 1945 Ο
2192 1894 2391 1944 nimium
2416 1893 2602 1946 dilecte
2625 1893 2762 1946 Deo!
2792 1894 2836 1928 ⁸⁸
2861 1895 2952 1945 tibi
2977 1895 3155 1946 militat
3177 1893 3358 1957 aetber,

2127 1955 2193 2007 Et
2213 1955 2451 2020 conjurati
2472 1958 2678 2008 veniunt
2701 1957 2761 2005 ad
2784 1955 2987 2009 classica
3010 1958 3164 2010 venti.

2006 2103 2169 2176 502
2198 2103 2278 2162 lta
2299 2103 2515 2162 coelitus
2537 2103 2836 2176 judicatum
2865 2113 2952 2162 est
2990 2103 3135 2162 inter
3164 2112 3371 2177 partem
3392 2146 3406 2168 .
3437 2104 3601 2162 etiam

2005 2200 2126 2253 sine
2158 2196 2416 2268 praesidio
2447 2196 2732 2254 hominum
2765 2197 2835 2254 de
2866 2198 2987 2254 solo
3015 2198 3126 2254 Deo
3157 2196 3433 2254 humiliter
3474 2211 3602 2269 spc-

2004 2299 2215 2347 rantcm
2239 2331 2255 2358 ,
2284 2299 2340 2347 et
2375 2299 2586 2363 partem
2627 2291 3075 2362 arrogantissime
3121 2291 3190 2346 de
3220 2291 3431 2346 viribus
3469 2290 3606 2357 suis,

2006 2391 2064 2439 et
2111 2383 2182 2440 de
2227 2381 2389 2438 idolis
2439 2391 2886 2455 praesumentem.
2913 2382 2958 2416 ⁸⁹
2985 2383 3328 2439 Theodosius
3374 2391 3554 2438 autem
3583 2422 3600 2449 ,

1999 2474 2304 2545 composita
2332 2474 2792 2548 tranquillataque
2830 2474 3134 2546 republica,
3160 2473 3301 2546 apud
3343 2473 3602 2532 Mediola-

2000 2583 2132 2626 num
2159 2568 2492 2629 constitntus
2512 2610 2528 2639 ,
2564 2570 2712 2628 diem
2743 2568 2902 2627 obiit.

1582 2742 2038 2806 uAVERcAMPt
2075 2748 2312 2808 NOTAE.

365 2909 463 2966 24.
498 2905 580 2963 Aa
632 2906 877 2978 contigua
924 2903 1202 2960 miscenda:
1230 2918 1418 2976 puqme
1469 2904 1661 2974 spatia.
1693 2902 1768 2959 lta
1800 2904 1899 2962 Pe·

293 2982 474 3038 rizon.
505 2988 562 3036 et
586 2975 758 3044 Lussd.
793 2978 909 3032 Bat.
936 2984 1063 3032 tert.
1083 2990 1206 3031 cum
1229 2974 1371 3031 Coll.
1395 2974 1639 3032 Gronov.
1674 2975 1894 3050 Vulgg„

294 3050 656 3115 inmiscendoe3
685 3048 931 3105 Floreat.
955 3061 1095 3115 sec.,
1128 3047 1182 3100 in
1202 3047 1446 3101 contincta
1476 3047 1821 3102 inmiscenda.

362 3122 460 3177 25.
494 3120 602 3176 Per
625 3135 773 3176 aera.
805 3119 901 3175 Sic
927 3120 1136 3173 malunt
1162 3131 1296 3175 mss.
1326 3131 1485 3187 quam
1518 3132 1709 3172 aerem.

365 3193 461 3249 26.
497 3192 812 3247 Nostrorum
864 3205 1041 3244 ntanu.
1116 3188 1268 3244 llaud
1320 3188 1582 3245 inutiliter
1619 3197 1894 3258 postrema

295 3278 434 3323 voce
457 3277 684 3320 sensum
714 3270 879 3332 anget
903 3258 1026 3315 cod.
1061 3259 1337 3327 Perizon.,
1368 3272 1399 3313 a
1425 3258 1607 3330 vulgg.
1644 3259 1818 3316 abest.

367 3334 463 3390 27.
485 3333 695 3389 lactus.
722 3332 953 3399 Quidam
982 3344 1143 3396 msa„
1164 3331 1319 3387 ictus.

366 3406 466 3462 28.
497 3404 603 3461 Per
622 3419 871 3478 myrtum
918 3402 1077 3457 inane
1106 3410 1333 3472 portata.
1361 3401 1556 3457 Colott.
1614 3411 1671 3458 et
1720 3401 1888 3458 editi:

295 3493 460 3533 mn
500 3476 556 3532 itt
586 3491 707 3530 aere
728 3481 1011 3544 reportata,
1039 3474 1334 3542 exquibus
1381 3472 1565 3528 verbis
1604 3471 1894 3544 legendum

298 3547 438 3607 illud
469 3547 661 3617 collegi
694 3565 708 3600 :
740 3546 786 3602 si
810 3545 968 3613 male,
1002 3542 1236 3599 aliorum
1262 3552 1381 3600 esto
1403 3542 1689 3614 judicium.
1719 3545 1894 3601 Lacr.

295 3649 374 3665 --
393 3618 538 3675 Editi
571 3625 703 3675 vett.
730 3629 1262 3686 omnes,omnesque
1275 3629 1412 3685 quos
1435 3613 1707 3681 consului,
1737 3631 1895 3686 mss.,

299 3706 391 3766 per
435 3705 685 3763 magnum
735 3689 890 3743 ittane
930 3693 1139 3760 portata
1182 3686 1462 3742 exhibent.
1508 3683 1660 3740 Unde
1702 3689 1894 3755 miror,

299 3761 450 3819 unde
470 3760 750 3817 Fabricius
774 3769 832 3815 et
854 3758 1078 3815 Scottus
1118 3758 1355 3814 babeant
1377 3771 1533 3811 manu
1561 3756 1614 3810 in
1638 3773 1756 3813 aere
1785 3760 1900 3829 (sic

297 3833 450 3893 enim
478 3847 505 3886 a
549 3831 619 3887 ud
647 3830 769 3886 illns
796 3828 1017 3901 legitur)
1050 3838 1280 3899 portata.

369 3845 649 3960 wdetun:
696 3901 846 3957 illisis
894 3900 1117 3972 praviter
1165 3902 1340 3956 scutis.
1376 3898 1458 3957 lta
1502 3913 1719 3969 omnes,
1762 3915 1901 3969 qnos

296 3971 576 4037 consului.
606 3986 774 4038 ntss.,
806 3980 869 4027 ut
891 3977 948 4027 et
975 3969 1065 4028 ed.
1092 3972 1265 4042 Aug.;
1295 3981 1349 4028 at
1369 3970 1578 4043 vulgg„
1608 3988 1744 4027 ηιιιω
1767 3972 1897 4043 iltis,

293 4044 448 4120 quod
476 4044 639 4102 valde
662 4041 934 4113 displicet.

371 4116 467 4174 ὅθ.
498 4113 872 4171 Everberabat.
904 4112 1033 4170 Mss.
1058 4113 1304 4187 quidam,
1327 4115 1647 4171 verberabat.

372 4190 468 4247 at.
502 4185 780 4243 Obstructa
808 4184 1100 4241 claudebat.
1144 4185 1354 4243 Sensus
1381 4198 1503 4255 est,
1538 4183 1753 4242 turbine
1793 4185 1901 4243 isto

291 4259 585 4319 nonnullis
613 4274 681 4314 cx
729 4256 968 4313 bostium
1000 4271 1230 4313 numero
1273 4266 1427 4314 senta
1477 4269 1585 4313 tam
1629 4257 1903 4312 violenter

291 4332 366 4389 ad
392 4339 612 4403 pectora
642 4338 806 4400 atque
850 4342 944 4383 ora
988 4329 1255 4397 impressa
1285 4329 1474 4398 luisse,
1510 4338 1571 4385 ut
1595 4328 1683 4383 vix
1715 4327 1899 4400 respi-

290 4400 464 4462 randi
489 4401 746 4458 dederint
775 4398 1114 4456 facultatem.

372 4474 469 4530 52.
512 4470 673 4528 Nune
718 4471 929 4526 avulsis.
960 4470 1097 4526 Cum
1151 4471 1362 4527 scilicet
1405 4470 1620 4527 turbine
1669 4485 1816 4527 saevo
1870 4483 1902 4526 e

291 4543 564 4603 manibus
586 4543 950 4613 eriperentur.
979 4541 1065 4597 vel
1095 4540 1170 4595 ita
1200 4541 1642 4610 reflecterentur,
1672 4551 1731 4597 ut
1758 4540 1899 4598 nuda

291 4616 492 4675 hostes
515 4612 830 4670 vulneribus
859 4627 955 4669 ora
986 4615 1315 4682 praeberent.

1923 3330 1971 3395 C

2005 2907 2073 2965 Et
2105 2909 2178 2966 ita·
2204 2910 2428 2983 quidem
2455 2910 2710 2984 leguntur
2753 2911 2808 2970 iti
2835 2927 3029 2971 versus
3072 2912 3215 2986 apud
3239 2912 3599 2973 Claudianum

2002 2979 2073 3036 de
2100 2996 2160 3037 ιιι
2207 2983 2493 3039 consulatu
2541 2984 2771 3040 llonorii
2813 3000 2895 3041 vs.
2929 2985 3036 3054 96,
3067 2985 3175 3043 nisi
3204 2986 3351 3059 quod
3388 2986 3460 3045 ibi
3499 3000 3601 3059 pro

2002 3052 2142 3122 fudit
2170 3053 2228 3110 in
2255 3054 2365 3111 line
2389 3069 2581 3112 versus
2607 3056 2767 3127 primi
2793 3099 2808 3126 ‚
2841 3057 2953 3114 sit:

2657 3236 2746 3290 Cui
2768 3235 2926 3288 fundit
2951 3237 3013 3289 ab
3033 3238 3206 3299 antris,
3232 3242 3330 3290 ete.

1999 3404 2228 3462 Orosius
2260 3413 2442 3462 tamen
2471 3405 2606 3463 milti
2634 3406 2851 3464 videtur
2886 3407 3132 3466 noluisse
3164 3406 3454 3464 admittere
3479 3421 3605 3477 pro-

2000 3488 2122 3548 pter
2162 3479 2497 3534 mentionem
2551 3477 2740 3547 AEoli,
2786 3479 2878 3535 dei
2925 3480 3151 3551 pagani,
3191 3479 3442 3550 adeoque
3473 3493 3607 3535 con-

2002 3547 2238 3605 traxisse
2267 3563 2481 3605 versus·
2513 3549 2654 3605 Sunt
2681 3564 2819 3607 mss.
2849 3551 2904 3606 in
2937 3552 3141 3622 quibus
3173 3550 3373 3621 legitur
3410 3551 3478 3605 ud
3507 3551 3607 3605 hu·

2000 3619 2222 3674 minima
2247 3621 2465 3675 classica
2492 3621 2660 3690 venti,
2693 3635 2760 3678 ex
2802 3620 2998 3695 quibus
3029 3637 3134 3678 vox
3164 3623 3321 3694 prior
3351 3637 3421 3679 ex
3452 3621 3601 3678 varia

2001 3689 2240 3746 lectione
2274 3702 2402 3746 nata
2433 3699 2538 3748 est.
3033 3708 3037 3712 >

2074 3761 2166 3817 59.
2220 3760 2538 3818 Theodosius
2577 3771 2775 3819 autem.
2838 3763 3289 3820 victoriosissimi
3340 3761 3503 3832 hujus
3549 3771 3608 3820 et

2002 3847 2131 3888 vere
2143 3829 2596 3890 christianissimi
2614 3832 2964 3904 imperatoris
2987 3835 3257 3902 subjicere
3277 3833 3427 3890 lubet
3447 3850 3606 3889 nurn-

2003 3918 2152 3958 mum
2183 3917 2411 3959 aureum
2434 3943 2450 3970 ,
2483 3906 2572 3974 qui
2604 3905 2876 3976 quondam
2905 3905 3116 3961 exstitit
3140 3903 3195 3959 in
3216 3918 3406 3958 museo
3429 3904 3601 3961 blare-

2003 3972 2188 4053 kiakno.
2215 3973 2270 4028 ln
2300 3982 2454 4044 parte
2477 3975 2598 4045 eius
2623 3976 2899 4033 anteriore
2933 3974 3178 4031 cernitur
3210 3975 3393 4046 imago
3419 3973 3600 4032 Theo·

2002 4045 2146 4101 dosii
2177 4053 2402 4116 pectore
2446 4053 2631 4116 tenus,
2666 4045 2857 4102 dextra
2907 4061 3104 4103 manus
3143 4046 3433 4116 spiculum,
3467 4046 3602 4102 laeva

2003 4115 2256 4188 elypeum
2277 4159 2294 4184 ,
2322 4117 2590 4187 equestris
2632 4116 3002 4186 expeditionis
3030 4126 3158 4188 typo
3189 4118 3484 4188 signatum,
3518 4127 3604 4174 te·

2005 4198 2131 4254 nct;
2164 4198 2355 4258 pectus
2383 4188 2646 4254 tltorace,
2697 4198 2862 4258 caput
2903 4197 3177 4260 gemmata
3215 4188 3431 4245 casside
3469 4190 3606 4258 tegi-

2007 4268 2116 4323 tur,
2168 4259 2427 4315 scribitur
2463 4261 2519 4315 in
2558 4259 2829 4316 circuitu:
2865 4261 3117 4315 Dotitinus
3164 4259 3350 4315 Noster
3388 4258 3606 4316 THEO-

2005 4328 2252 4386 bostus
2278 4330 2401 4385 l‘itts
2429 4330 2582 4386 Felix
2604 4329 2922 4387 AVGusms.
2949 4330 3033 4387 Ab
3059 4331 3231 4387 altera
3260 4338 3417 4400 parte
3449 4331 3608 4387 sedet

2003 4400 2153 4456 Nova
2185 4401 2356 4457 Roma
2385 4418 2396 4453 :
2422 4401 2492 4456 ad
2524 4402 2710 4470 pedes,
2755 4401 3047 4456 maritimae
3093 4402 3354 4471 potentiae
3381 4402 3605 4470 symbo-

2004 4471 2142 4538 lum,
2172 4485 2333 4541 prora
2357 4473 2496 4527 ratis
2521 4486 2647 4526 cum
2676 4471 3050 4541 gubernaculo
3075 4471 3444 4541 conspicitur3
3473 4471 3608 4526 dex·

2005 4552 2087 4597 tra
2138 4542 2384 4604 bastani,
2424 4541 2559 4597 lzeva
2609 4542 2984 4611 victoriolam,
3035 4542 3199 4612 globo
3247 4541 3558 4610 impositam
3578 4581 3595 4609 ,

2005 4623 2178 4669 tenet.
2227 4610 2534 4669 Concordia
2565 4612 2858 4668 Theodosii
2888 4622 2947 4668 et
2991 4612 3207 4668 Arcadii
3255 4610 3360 4666 hac
3401 4611 3602 4669 inscri-

371 4689 465 4744 55.
495 4683 652 4740 Nunc
672 4684 946 4757 oppositis.
970 4683 1197 4751 Quando
1217 4698 1408 4740 arcere
1427 4683 1533 4739 vim
1556 4682 1899 4753 tempestatis
1929 4713 1979 4775 D
2004 4683 2190 4755 ptione
2224 4682 2498 4752 laudatur,
2545 4682 2941 4739 CONCORDIA
2983 4682 3387 4739 AVGttstot-ttm.
3436 4682 3606 4738 Num-

293 4774 334 4818 ι
356 4758 506 4816 [acie
525 4756 765 4824 vellent,
791 4769 902 4883 αρε
1097 4824 1131 4838 ..
1385 4829 1395 4839 ·
1426 4825 1437 4837 ·
1673 4826 1686 4838 ·

291 4830 358 4889 in
389 4838 550 4902 terga
579 4835 864 4902 prosterne
903 4835 1066 4883 antur
1096 4825 1292 4883 ttsdcm
1322 4825 1524 4882 milites
1546 4867 1563 4894 ‚
1596 4841 1687 4897 qut
1717 4835 1904 4898 gesta-

293 4900 466 5031 hffi'.
507 4970 722 5045 Impetis
760 4969 1028 5042 supinata.
1060 4968 1307 5028 Florent.
1352 4966 1493 5038 duo,
1524 4968 1721 5039 impetu
1759 4967 1909 5038 supi-

295 5053 467 5174 Μὲἒ.
499 5114 615 5173 Stta
658 5131 715 5171 se
751 5129 931 5170 manu.
974 5111 1108 5171 Mss.
1136 5113 1376 5185 aliquot,
1420 5129 1519 5168 sua
1568 5126 1678 5168 sese
1703 5125 1864 5166 manu
1889 5149 1907 5179 ,

291 5186 385 5247 vd
410 5202 523 5243 sese
544 5201 640 5241 sna
665 5201 845 5240 martti.

367 5257 468 5318 36.
489 5255 817 5314 Restinctttm
839 5266 935 5312 est.
963 5255 1134 5328 Lugd.
1158 5256 1280 5315 Bat.
1305 5270 1416 5327 pin,
1439 5255 1751 5312 exstinctum
1777 5252 1901 5324 (sed

291 5328 729 5414 superscribitur
752 5327 1090 5393 restinctum)
1130 5336 1227 5385 ese.
1271 5327 1410 5384 Edd.
1460 5324 1711 5399 quaedam
1736 5332 1899 5391 vett„

291 5410 605 5459 restrictum
632 5409 729 5456 est.

367 5472 465 5558 ⁵⁷.-
499 5470 826 5546 Httjttsmodi
872 5471 1125 5530 uersibus.
1175 5468 1308 5528 Mss.
1349 5468 1590 5542 aliquot,
1641 5468 1899 5541 ejusmodi

289 5544 619 5745 ,ηδιξιῗὶὸέ
646 5613 837 5671 militat
865 5615 1047 5672 oetlter.
1079 5613 1140 5672 ln
1166 5613 1646 5686 edit.'Attgustana
1675 5611 1794 5669 haec
1820 5611 1899 5669 le·

289 5702 410 5765 m
437 5702 533 5749 ur:

425 5801 471 5856 Ο
488 5803 717 5855 nimirum
732 5801 918 5854 dilecte
939 5800 1067 5864 Deo,
1092 5803 1174 5855 cul
1192 5800 1317 5856 ludit
1334 5801 1399 5854 ab
1420 5799 1567 5853 astris

426 5858 599 5918 AEotus
618 5870 832 5918 armatas
852 5866 1067 5926 hiemes,
1090 5865 1179 5916 tibi
1202 5864 1379 5918 militat
1401 5863 1581 5927 aettier,

425 5927 493 5983 Et
509 5928 748 5994 oonioeatt
768 5929 978 5982 veniunt
997 5928 1060 5981 ad
1079 5926 1279 5981 classim
1303 5927 1457 5981 venti.

903 4754 1120 4811 onendo
1147 4764 1302 4810 scuta
1322 4794 1337 4821 ,
1364 4754 1556 4811 eadem
1586 4756 1636 4809 vi
1669 4754 1900 4810 turbinis
2005 4770 2158 4824 mus,
2181 4763 2239 4811 ut
2267 4769 2333 4811 ex
2362 4754 2765 4827 subscriptione
2790 4765 2980 4826 patet,
3010 4752 3493 4826 Constantinopoli
3527 4753 3602 4811 si·

2007 4837 2202 4900 gnatus
2231 4837 2336 4884 est.
