4192 6434
285 359 336 420 tol
821 349 939 414 raath
957 348 1049 411 tecit
1069 346 1198 411 obluat
1217 349 1424 411 cttitortlcori.
1884 353 1939 418 ιιι

284 477 320 537 ιι.
333 473 366 537 C.
379 473 427 536 Si.
463 481 645 551 cognomento
660 473 844 544 Philotbeum,
860 473 991 544 Probum,
1002 470 1223 547 xantippamque
1238 471 1298 546 eius
1312 486 1428 531 uxorem
1440 468 1475 530 ad
1493 469 1575 531 fldem
1589 468 1737 540 conuertit3
1774 467 1808 528 A.
1821 467 1856 530 R.
1870 468 1937 532 eto.

483 572 659 644 presbyteros
669 569 707 628 ibi
720 569 861 644 relinquit.

890 659 1019 718 lillihltll
1037 658 1321 720 COMMENTARIUS.

286 754 402 827 ctBeda,
412 754 551 828 ceterique
563 753 834 811 boctmntestantur.
852 749 928 809 linae
942 759 966 808 ct
979 750 1086 807 Narbo·
1098 751 1126 815 A
1137 765 1198 822 cap.
1211 767 1247 807 ιι
1258 751 1293 808 ad
1304 752 1455 823 llornanos,
1469 759 1550 824 negat
1560 752 1721 824 Apostolum
1732 759 1762 806 ιιι
1771 752 1936 823 promiserat

286 844 349 882 nant
370 827 522 899 preteriens
543 827 682 911 quemdum
703 826 859 898 discipulum
880 839 958 879 ruam
980 824 1085 878 nomiae
1137 823 1171 878 ad
1184 823 1502 894 llispaniasaeoessisse.
1517 823 1829 882 Caeterumhiauctores
1843 827 1934 884 solum

285 897 414 966 Paulum,
427 900 510 970 {ntur
523 899 559 954 iis
573 899 709 970 reliquisse
722 897 880 968 episcopum.
896 893 1018 950 Peruenit
1034 893 1084 966 iqi·
1136 902 1237 965 negant
1251 894 1364 950 Paulam
1375 912 1409 950 eo
1423 895 1555 966 temporis
1569 895 1669 960 ivisse,
1683 909 1739 966 qno
1759 898 1934 970 promiserat,

287 979 330 1024 tur
343 987 424 1044 arque
435 971 470 1025 ad
493 968 647 1040 Hispanias,
671 977 695 1024 et
717 969 814 1023 amari
836 966 926 1023 Rubro
948 982 1030 1035 usque
1048 965 1084 1019 od
1135 965 1263 1022 videlicet
1277 967 1419 1022 transitum
1435 968 1523 1023 Roma
1536 967 1638 1022 iaciens
1654 965 1725 1038 (non
1737 968 1933 1043 mansionem)

289 1040 423 1097 Oceanum
438 1039 605 1114 predicando
621 1040 752 1105 cucurrit,
774 1040 879 1093 imitans
901 1038 963 1092 solis
977 1053 1084 1092 cursum
1135 1038 1162 1092 in
1182 1037 1339 1108 hispanias.
1359 1038 1482 1100 intendit
1498 1038 1571 1094 enirn
1593 1038 1720 1093 Pontilet
1743 1053 1797 1095 non
1820 1041 1930 1110 quidem

287 1111 320 1167 al
336 1115 434 1169 oriente
453 1127 532 1183 nsque
549 1112 583 1166 ad
596 1127 725 1175 occasum,
741 1120 770 1166 ut
784 1121 845 1164 ante
868 1110 893 1165 ci
906 1117 975 1164 terra
990 1107 1085 1234 defleo·
1135 1123 1193 1165 rem
1209 1108 1329 1176 dubiam,
1344 1111 1393 1166 sed
1407 1109 1568 1165 catholicam
1582 1109 1719 1175 stabilire,
1737 1111 1865 1167 nimirum
1879 1129 1935 1169 non

286 1192 338 1254 ret,
352 1201 428 1256 qaam
443 1184 556 1240 studium
569 1182 818 1254 medicamentis
831 1197 892 1253 erqo
904 1190 929 1236 ct
938 1179 1009 1249 opud
1048 1180 1085 1232 r's·
1136 1178 1245 1235 mentiri
1256 1196 1317 1236 cttrn
1329 1181 1375 1250 qni
1387 1182 1508 1236 animum
1520 1179 1633 1236 satlleadl
1647 1195 1702 1236 nott
1716 1181 1808 1248 hahcl,
1826 1186 1935 1242 tametsi

288 1257 382 1324 panias
397 1254 650 1326 Pseudo-apostolos
664 1255 805 1336 praeuenire
817 1253 974 1323 festinabam·
988 1267 1046 1305 cum
1057 1252 1084 1304 in
1136 1265 1190 1307 non
1210 1251 1360 1322 adimpleat
1373 1252 1445 1324 quod
1462 1250 1624 1322 spopondit,
1641 1251 1665 1306 si
1679 1251 1736 1308 beo
1749 1253 1829 1310 aliter
1840 1253 1935 1326 dispo·

289 1324 458 1395 Hispaniam,
473 1327 569 1398 inquit,
581 1325 713 1396 proficisci
727 1340 837 1394 cepero,
848 1333 902 1380 etc.
916 1322 989 1379 ldem
1002 1320 1085 1377 habet
1136 1332 1218 1378 neate
1230 1324 1394 1392 promissum
1410 1339 1463 1378 non
1478 1324 1566 1395 potuit
1588 1323 1740 1387 adimplere
1754 1340 1762 1379 :
1779 1324 1839 1382 hae
1859 1328 1933 1383 enim

287 1411 371 1467 super
396 1412 457 1468 cap.
471 1413 490 1453 n
510 1397 545 1452 ad
559 1396 648 1452 Galat.
666 1405 694 1451 et
708 1410 792 1466 super
806 1395 827 1451 ll
845 1394 879 1450 ad
900 1392 1021 1450 Timoth.
1046 1408 1083 1448 tv.
1136 1404 1179 1450 est
1191 1390 1311 1451 Canonis
1325 1394 1399 1451 illins
1415 1393 1631 1465 superscriptio:
1649 1393 1683 1450 Ut
1695 1405 1785 1451 autern
1800 1395 1852 1452 hoc
1865 1413 1936 1454 con-

289 1466 369 1535 Quod
384 1477 490 1540 spectat
503 1469 538 1525 ad
553 1468 664 1523 Patrium
679 1467 898 1534 Narbonensem,
915 1465 986 1521 idem
1002 1464 1085 1520 habel
1137 1465 1241 1531 hratret,
1263 1466 1367 1590 inquit,
1382 1465 1416 1521 Β.
1429 1466 1531 1520 Paulus
1548 1466 1679 1534 aposlolus
1695 1482 1747 1521 nou
1759 1467 1818 1522 ideo
1838 1467 1938 1540 (qnod

290 1539 351 1597 Ado
380 1541 407 1596 in
433 1539 627 1612 Hartprologio
650 1554 722 1605 suo,
746 1547 777 1593 ut
803 1538 874 1609 apud
908 1535 1084 1590 hlosandrum
1136 1535 1229 1607 absit)
1250 1537 1581 1606 sepelissecredeaduscst
1599 1537 1851 1594 autsibieastitisse
1872 1556 1938 1596 con·

291 1619 358 1664 torn.
380 1611 437 1668 llll.
453 1612 526 1667 Surii
540 1610 633 1667 videre
646 1621 698 1672 est,
718 1608 762 1663 uel
777 1608 804 1664 ia
815 1607 1001 1663 additionibus
1011 1605 1085 1675 ejus-
1137 1607 1244 1675 taurins,
1259 1610 1382 1678 quoniam
1390 1620 1448 1663 curn
1462 1609 1496 1663 ud
1511 1607 1652 1680 Hispanias
1666 1624 1695 1663 rc
1708 1609 1870 1682 promisisset
1882 1612 1938 1667 itar-

291 1680 353 1736 dem
369 1690 398 1736 nt
413 1683 554 1738 Eribertus
573 1681 737 1737 llosweidus
753 1689 837 1735 notat.
861 1677 935 1735 ldetn
952 1679 1011 1749 ipse
1026 1676 1085 1731 Ado
1135 1695 1214 1740 runt,
1244 1679 1413 1749 dispositione
1435 1680 1545 1740 diuina,
1570 1679 1715 1749 maioribus
1738 1690 1881 1752 occupatus
1904 1699 1939 1738 ee

290 1750 319 1807 in
331 1750 434 1809 Chron.
450 1769 521 1809 aaran
535 1754 570 1810 59
587 1751 709 1808 alllrmat
731 1752 758 1807 in
771 1750 867 1806 eodem
891 1749 990 1803 itinere
1005 1747 1085 1803 relie-
1136 1749 1242 1817 cunsir,
1263 1751 1371 1820 implere
1392 1768 1442 1805 raon
1465 1751 1547 1818 potnit
1562 1750 1632 1821 quod
1649 1750 1790 1818 promisit:
1807 1762 1937 1822 qnantum

291 1831 348 1877 tam
362 1824 448 1880 luisse
468 1840 483 1878 a
499 1824 583 1880 Paulo
598 1822 777 1893 Trophimum
802 1820 938 1885 Arelate,
958 1827 986 1873 et
1010 1833 1086 1875 cres·
1136 1821 1205 1873 enirn
1216 1820 1297 1892 ipsias
1307 1822 1448 1877 uoluntatis
1458 1823 1587 1891 interfuit,
1605 1821 1653 1876 hoc
1665 1823 1850 1890 pronuntiauit,
1864 1825 1938 1889 quod

291 1903 398 1950 centem
414 1893 527 1952 Vienna
542 1894 697 1963 episcopos.
713 1892 819 1948 Rursus
836 1890 863 1944 in
878 1890 992 1945 historia
1007 1903 1086 1945 sane·
1136 1907 1225 1946 renero
1239 1893 1361 1948 uoluisset
1385 1894 1489 1964 efficere
1509 1908 1519 1946 .·
1539 1902 1665 1962 qnantum
1684 1900 1771 1946 aulem
1790 1895 1826 1948 ad
1843 1893 1938 1951 Diaiai

293 1973 382 2021 torum
395 1975 546 2037 martyrum
562 1964 683 2022 Facundi
697 1974 725 2020 et
750 1961 883 2019 Primitiri
904 1961 1029 2030 legimns,
1044 1963 1086 2032 ip-
1136 1971 1237 2017 secreta
1250 1964 1367 2029 eustatii,
1384 1980 1495 2035 superna
1506 1964 1671 2037 pretermisit
1684 1963 1854 2037 dispositione
1866 1982 1938 2038 prce-

292 2050 338 2092 sos
361 2038 570 2108 itaterrogatosa
591 2035 684 2106 judice
708 2036 744 2092 de
764 2034 818 2090 lide
840 2048 900 2098 sua,
927 2032 1041 2098 dixisse,
1056 2047 1086 2089 se
1137 2042 1237 2088 reatus.
1262 2033 1339 2102 Qtrod
1359 2036 1442 2106 igitur
1465 2035 1650 2090 neeessariam
1672 2044 1716 2091 est
1728 2035 1762 2090 ad
1774 2035 1877 2092 Gelasii
1894 2038 1937 2092 in·

292 2106 476 2164 Christianam
490 2124 505 2163 a
521 2109 604 2164 Paulo
618 2105 720 2163 Cha-isti
736 2105 860 2175 apostolo
872 2103 999 2168 edoctos;
1011 2103 1083 2174 qnod
1103 2141 1126 2201 B
1140 2111 1263 2168 tentum,
1285 2105 1352 2160 rrilril
1366 2105 1440 2161 aliud
1456 2115 1499 2160 est
1512 2121 1592 2177 quom
1609 2104 1636 2160 id
1651 2105 1722 2176 qnod
1735 2120 1770 2162 ex
1782 2106 1936 2174 Scripturis

293 2191 362 2233 satae
375 2190 451 2236 extra
465 2181 622 2250 llispaniam
643 2178 702 2235 lieri
725 2176 864 2247 nequiuit,
881 2173 953 2246 quod
967 2173 1086 2230 Hurales
1139 2177 1224 2230 sacris
1239 2174 1381 2242 habentus,
1396 2176 1522 2232 nimirum
1535 2191 1589 2232 non
1599 2176 1763 2247 adimplesse
1772 2179 1938 2248 promissio-

293 2258 321 2304 et
335 2249 475 2335 Tongilius
488 2259 631 2308 notarunt.
647 2249 682 2305 Et
695 2248 768 2319 qnod
780 2257 861 2319 caput
875 2256 928 2310 est,
943 2244 1087 2314 Astigitani
1138 2261 1200 2302 nem
1221 2261 1298 2302 suam
1319 2264 1399 2320 quam
1424 2248 1556 2303 citissime
1575 2245 1766 2318 proficiscendi
1785 2251 1812 2302 in
1830 2249 1937 2319 llispa-

293 2319 367 2377 ciues
381 2322 419 2395 (ud
433 2332 488 2391 est,
502 2323 537 2378 de
551 2321 638 2392 Ezija)
653 2337 701 2389 per
720 2334 844 2374 mannsa
866 2319 924 2373 suis
938 2316 1087 2385 majoribus
1138 2319 1228 2387 niam,
1246 2317 1379 2375 cilternae
1396 2333 1451 2375 non
1466 2317 1584 2374 faciendi
1597 2333 1722 2380 moram,
1740 2317 1791 2374 hoc
1803 2321 1879 2374 enirn
1894 2328 1940 2377 est

292 2402 432 2462 acceptam
456 2401 569 2450 servant
593 2392 767 2448 traditionem
793 2390 826 2445 de
849 2387 1007 2444 concivibus
1030 2389 1087 2443 suis
1138 2389 1210 2457 qnod
1225 2388 1258 2443 ad
1274 2389 1411 2446 liomanos
1426 2391 1553 2455 diremt,
1577 2388 1644 2444 Cant
1661 2390 1688 2444 in
1703 2388 1937 2458 massmannum·
1993 2412 1996 2417 ·

204 2492 210 2501 ι
292 2460 384 2517 Probo
407 2474 435 2521 et
449 2464 586 2535 Xantippa
610 2462 790 2519 nobilissimis
812 2460 989 2531 conjugibus,
1013 2473 1087 2527 quos
1139 2459 1220 2529 piciaci
1237 2475 1357 2531 coepero,
1380 2478 1454 2534 spero
1467 2461 1536 2531 quod
1555 2462 1704 2533 praeteriens
1720 2461 1810 2516 uidebo
1823 2477 1889 2529 nos,
1909 2472 1938 2518 et

292 2532 387 2590 dicunt
403 2549 417 2589 a
436 2535 522 2591 Paulo
535 2550 684 2591 conuersos
698 2534 727 2590 in
741 2533 889 2602 llispania;
906 2545 958 2586 nee
975 2529 1086 2596 mirum,
1139 2540 1229 2587 tamen
1250 2531 1454 2602 dispensatione
1468 2532 1559 2586 divina
1573 2533 1653 2589 aliter
1667 2530 1767 2588 laetum
1783 2542 1846 2600 cst,
1872 2549 1935 2589 nam

292 2618 354 2659 otum
370 2605 488 2676 idipsum
503 2608 608 2663 Graecis
621 2621 730 2676 quoque
743 2613 839 2661 notrum
862 2602 954 2658 luerit.
978 2602 1086 2656 Etenim
1138 2602 1167 2657 in
1180 2603 1298 2658 vinculis
1313 2604 1440 2660 detentus
1460 2610 1505 2658 est
1522 2603 1616 2659 Rornae
1631 2617 1679 2670 per
1694 2601 1833 2658 biennium
1846 2619 1854 2658 :
1879 2620 1934 2675 quo

293 2675 405 2733 Simeon
419 2677 618 2747 Hetaphrastes
636 2678 663 2732 in
681 2677 741 2732 Vita
761 2676 790 2732 S.
804 2673 879 2730 Pauli
901 2675 959 2728 baec
983 2673 1087 2728 habeis
1138 2674 1229 2730 solum
1242 2674 1326 2744 dato,
1343 2690 1423 2731 casus
1436 2673 1537 2731 cerasii
1558 2689 1590 2729 se
1611 2674 1705 2740 obern
1721 2675 1879 2745 exponendi
1898 2676 1937 2730 ri·

292 2745 354 2800 lam
367 2763 425 2802 ocra
436 2765 494 2802 curn
507 2760 572 2805 esset
586 2751 613 2802 iu
623 2746 766 2819 Hispania,
779 2744 832 2800 tale
842 2745 906 2816 qaid
917 2745 1008 2798 dicunt
1019 2744 1087 2798 ccci·
1139 2744 1239 2800 delicet
1257 2747 1394 2815 quomodo
1416 2745 1543 2802 mentitus
1570 2760 1624 2801 non
1641 2753 1684 2801 est
1701 2745 1813 2802 Paulus.
1830 2747 1866 2802 Et
1886 2746 1936 2803 hae

293 2815 375 2872 dhse.
391 2818 490 2873 Halier
511 2819 629 2890 quadam
648 2827 671 2873 et
685 2833 788 2890 perime,
813 2825 837 2870 et
852 2815 956 2886 opibus,
979 2825 1002 2869 et
1024 2815 1087 2869 doc·
1139 2826 1214 2873 certa
1228 2817 1344 2874 ueritate
1359 2818 1480 2873 nistrare
1491 2817 1596 2885 probat,
1614 2831 1668 2872 non
1681 2818 1789 2872 mentiri
1800 2832 1864 2872 eum
1877 2820 1934 2888 qui,

293 2887 365 2942 trina
380 2889 500 2961 insignis,
522 2907 583 2945 cum
603 2893 663 2961 jam
685 2889 747 2944 olim
766 2887 927 2943 auditionem
948 2889 1089 2958 accepisset
1139 2889 1202 2956 quia
1218 2903 1271 2943 llott
1284 2890 1393 2955 valuit,
1413 2905 1466 2944 non
1482 2888 1605 2957 impleuit
1618 2886 1692 2959 quod
1708 2888 1845 2956 promisit.
1860 2888 1936 2945 Nihil
1961 2900 1968 2908 ’

293 2959 474 3028 apostolicam,
487 2959 888 3034 cupiebatipsirquoqueocnlis
907 2959 1004 3011 intueri
1017 2972 1088 3027 prte-
1139 2967 1231 3015 aulem
1252 2958 1286 3014 ad
1309 2961 1386 3016 illntn
1409 2960 1566 3029 pertinebat
1590 2959 1737 3014 adrentum
1758 2959 1887 3029 Apostoli
1910 2961 1936 3023 in

293 3044 383 3085 eonem
396 3032 524 3098 ueritatis,
536 3043 560 3088 et
573 3033 637 3105 ipsis
647 3033 752 3087 auribus
768 3030 871 3085 rrrrtitni
884 3031 912 3083 in
926 3044 992 3083 acre
1006 3030 1089 3098 pieta·
1140 3028 1285 3101 Hispanias
1295 3040 1357 3102 post
1366 3032 1474 3087 vinenla
1486 3045 1597 3101 negare,
1610 3038 1666 3086 tum
1676 3030 1738 3102 quia
1749 3040 1823 3088 certa
1835 3029 1938 3087 rentur

295 3100 329 3154 tis
343 3101 517 3173 doqmutiitts.
533 3103 597 3159 Cum
616 3119 677 3174 erpo
694 3103 718 3158 ei
736 3103 819 3157 uisum
834 3109 901 3157 caret
918 3099 1006 3154 diuino
1022 3115 1090 3171 qua·
1141 3115 1194 3156 non
1206 3109 1266 3159 erat
1279 3117 1310 3158 re
1335 3110 1363 3158 ιιι
1376 3104 1518 3158 ιιιίιιὶιιιιιιιι
1532 3103 1635 3157 incerta
1648 3099 1865 3171 comprobanda,
1881 3113 1937 3159 tunt

294 3170 538 3246 daminspt'rutione
552 3175 579 3228 in
589 3175 674 3248 forum
689 3173 830 3247 proficisci,
842 3187 892 3243 quo
907 3182 1034 3241 lentpore,
1044 3171 1090 3241 qai
1140 3171 1201 3243 qnia
1214 3188 1268 3227 non
1284 3182 1326 3229 est
1340 3175 1470 3230 credibile
1484 3173 1625 3229 Gelasium
1640 3172 1700 3228 sine
1719 3186 1799 3227 cansa
1813 3173 1939 3230 uoluisse

294 3243 335 3298 oei
346 3259 380 3299 ea
393 3245 450 3300 sola
465 3247 537 3311 lama
550 3246 583 3300 ab
598 3263 628 3301 cn
645 3245 820 3316 diligebatur,
839 3259 885 3316 per
899 3243 1013 3297 medinm
1033 3245 1089 3312 ejas
1141 3244 1252 3300 obviare
1268 3253 1307 3299 tot
1322 3247 1457 3315 tarutisque
1471 3254 1630 3300 satrcturum
1645 3243 1755 3299 Patrem
1772 3243 1939 3301 testimoniis

295 3315 435 3385 transibat,
450 3315 557 3383 dicitur,
572 3327 596 3373 ct
606 3332 664 3372 cum
675 3317 770 3371 uidisse
782 3315 873 3369 leniter
885 3324 910 3368 et
925 3314 1028 3384 placide
1047 3314 1090 3368 in·
1141 3315 1176 3370 de
1189 3316 1262 3370 Pauli
1279 3317 1305 3370 ia
1321 3316 1466 3386 hispanias
1479 3313 1659 3385 proiectione.
1671 3314 1760 3386 Atque
1769 3313 1844 3371 idem
1853 3314 1939 3371 dicito

204 3416 206 3421 ·
294 3386 463 3509 gredientem,
476 3399 504 3444 nt
516 3389 561 3460 qui
576 3387 721 3443 noneolum
736 3388 821 3456 qratia
838 3388 927 3454 plenos
947 3400 1030 3439 utores
1041 3384 1091 3438 ha·
1141 3385 1175 3441 de
1190 3385 1219 3442 S.
1233 3386 1336 3443 Thomu
1356 3387 1507 3458 Aquinate,
1524 3401 1639 3458 negasse
1652 3387 1781 3441 nimirum
1795 3386 1940 3441 dumtaxat

312 3467 364 3510 eret
383 3468 499 3527 ceteros,
521 3459 565 3515 scd
587 3460 667 3514 etiarn
680 3460 766 3530 ipsum
784 3459 930 3521 incessum·
950 3467 974 3510 et
995 3460 1090 3509 artarito
1142 3473 1176 3512 co
1192 3467 1314 3527 tctnpore
1332 3459 1365 3515 ad
1382 3458 1524 3526 Hispanias
1539 3459 1668 3523 acuisse,
1691 3472 1745 3528 quo
1758 3457 1818 3526 ipse
1832 3458 1938 3525 promi-

295 3528 526 3596 auo,persaasissc,
541 3531 751 3583 ctrinomenerot
768 3528 869 3581 Probus
889 3526 991 3596 (eorum
1003 3538 1090 3580 nutem
1104 3528 1127 3590 C
1142 3538 1235 3595 serat;
1262 3545 1315 3584 non
1335 3545 1400 3586 reno
1422 3542 1563 3585 accessum
1586 3529 1708 3599 Apostoli
1728 3535 1790 3598 posi
1810 3526 1938 3592 vineola;

294 3596 339 3664 qui
348 3595 404 3652 illic
417 3609 500 3665 crunt,
521 3609 575 3654 mat
589 3600 667 3670 {urile
680 3601 800 3671 princeps
812 3599 821 3668 )
832 3598 936 3652 utintra
950 3598 1091 3652 edesenus
1143 3599 1220 3666 cuijus
1244 3600 1356 3656 evidens
1377 3609 1565 3671 argumentum
1589 3600 1716 3670 estquod
1734 3601 1890 3669 paulopost
1908 3598 1937 3654 ιιι

295 3667 421 3740 Hospitem
435 3669 581 3742 exciperem
599 3678 736 3740 postquam
750 3685 809 3723 nero
827 3668 875 3736 fuit
897 3670 1046 3730 accersitus,
1067 3677 1092 3723 et
1144 3669 1239 3725 eodem
1254 3686 1337 3742 opere
1351 3686 1433 3742 super
1448 3670 1513 3726 illud
1527 3671 1560 3725 ad
1574 3670 1663 3729 Galat.
1675 3685 1713 3726 rt:
1731 3669 1773 3725 Ne
1784 3670 1813 3724 in
1824 3685 1939 3724 ramum

294 3738 347 3808 [uit
361 3754 441 3812 propa
453 3739 524 3809 idos,
538 3741 667 3814 ejusmodi
681 3740 787 3809 aliquod
801 3737 955 3794 mirurtdum
967 3740 1093 3795 accidisse
1144 3740 1940 3811 crtrrercm,autcucnrrissem,conceptistterbislatetrrrejtts

295 3810 420 3868 nrut'icri:
435 3827 524 3881 nempe
538 3814 634 3885 apertis
655 3814 746 3867 mmttis
760 3827 814 3866 sue
833 3810 930 3878 oculis,
949 3813 1043 3866 uidisse
1064 3811 1092 3867 in
1144 3812 1291 3868 adtentum
1304 3815 1330 3870 in
1343 3814 1495 3883 llispanias,
1509 3814 1604 3869 dicens
1619 3811 1718 3870 :Vocat
1728 3811 1939 3882 predicationem

288 3881 380 3955 Jronte
391 3887 450 3956 ejus
468 3884 514 3954 qtti
526 3884 612 3954 sumat
631 3884 744 3954 hospitio
765 3889 898 3955 acceptus,
923 3884 1022 3938 litteras
1042 3898 1091 3937 un·
1143 3900 1220 3939 auom
1232 3901 1348 3952 cnrsnrn,
1363 3894 1468 3955 propter
1480 3884 1639 3939 uelocitatem
1654 3899 1708 3938 sure
1719 3883 1863 3949 doctrinm
1877 3885 1940 3952 quia

293 3968 362 4020 rcus,
382 3970 440 4026 qttte
458 3957 587 4022 dicebant,
602 3954 702 4011 Paulus
715 3955 818 4012 Christi
832 3967 932 4024 praeco.
950 3954 1031 4010 ilium
1045 3971 1092 4009 au·
1144 3954 1172 4010 in
1186 3956 1286 4012 modico
1300 3966 1415 4021 tempore
1430 3972 1446 4008 a
1459 3954 1625 4010 Hierusalem
1639 3953 1673 4009 ud
1689 3954 1825 4026 lttpricunr
1841 3968 1938 4024 usqne,

295 4033 345 4079 tem
359 4027 597 4098 promeruissemus
611 4029 769 4099 insperatam
781 4026 872 4079 inuasit
884 4032 907 4076 et
920 4025 1050 4096 uoluptas.
1069 4035 1094 4080 et
1145 4037 1169 4081 et
1185 4045 1263 4101 osque
1284 4030 1312 4083 in
1333 4027 1486 4099 Hispaniam
1505 4027 1657 4099 pretocooil
1671 4023 1857 4099 Hcaaqeiiam.
1880 4024 1940 4092 Quo

295 4094 390 4160 litetur:
402 4106 426 4149 et
440 4096 561 4169 iucryrula
572 4100 650 4169 pleno
660 4099 772 4168 procidit
784 4096 819 4150 ud
830 4095 907 4164 pedes
920 4098 1058 4166 Aposloit',·
1069 4107 1094 4153 ct
1146 4098 1240 4156 videas
1254 4101 1411 4156 necessario
1432 4100 1515 4170 priori
1541 4099 1602 4153 loco
1621 4095 1859 4162 interpretandum
1878 4109 1939 4152 esse

295 4165 423 4220 catechesi
433 4166 465 4219 ab
477 4184 508 4221 co
521 4169 650 4225 instituta.
666 4171 778 4239 primum
787 4166 890 4233 quidcnt
902 4169 1014 4238 suscepit
1028 4169 1094 4237 lup·
1146 4167 1175 4225 in
1191 4185 1273 4227 sensu
1287 4171 1408 4233 Gelasii.
1428 4186 1462 4225 ne
1472 4169 1523 4224 sibi
1537 4169 1688 4224 contrarius
1699 4167 1813 4223 existat.

295 4234 412 4302 tismum,
423 4237 555 4308 appellata
569 4237 668 4303 Xorrtr'p
688 4254 711 4305 e,
727 4247 815 4307 postca
825 4245 911 4291 autem
927 4235 1029 4293 Probas
1039 4240 1096 4310 dus
1183 4242 1372 4311 Expendarnus
1386 4242 1443 4309 iam
1461 4241 1575 4296 alterum
1596 4240 1667 4310 qood
1683 4237 1764 4308 objici
1781 4245 1875 4306 potest
1889 4251 1939 4291 no-

297 4306 415 4375 rnaritas,
432 4311 634 4380 quieratrtotas
682 4308 770 4375 eroai,·
794 4307 887 4361 deinde
904 4311 981 4364 etiam
1000 4309 1094 4365 Philo·
1146 4312 1198 4368 his.
1213 4314 1241 4370 Si
1256 4323 1309 4369 tant
1324 4313 1379 4368 alte
1394 4311 1470 4368 Pauli
1483 4312 1576 4366 animo
1594 4310 1727 4367 insederit
1740 4308 1939 4380 erartgeliaatu

297 4377 372 4432 theos
386 4383 535 4452 praefectus,
556 4392 580 4435 ct
594 4379 714 4453 deinceps
737 4395 825 4460 orttaqs
840 4379 884 4450 qni
898 4380 972 4435 illum
989 4380 1093 4437 ltoiitu-
1146 4384 1348 4454 hispaniarum,
1364 4393 1393 4439 ιιι
1405 4398 1455 4438 nos
1468 4383 1631 4446 asserinrns;
1649 4380 1695 4452 qui
1709 4380 1768 4436 lieri
1787 4382 1894 4450 potuit,
1910 4389 1939 4435 ut

296 4447 357 4503 baad
376 4452 517 4520 cepionem.
1148 4465 1205 4509 tatto
1224 4457 1326 4511 biennii
1348 4456 1435 4526 spatio
1449 4469 1504 4524 quo
1519 4453 1613 4508 Romae
1627 4461 1742 4515 tentus,
1761 4461 1791 4507 et
1810 4451 1938 4507 detentus

334 4521 373 4577 Er
387 4521 521 4592 ejusmodi
542 4539 624 4580 aurea
646 4523 761 4580 historia
782 4538 835 4577 tion
855 4522 944 4578 solnm
958 4523 1096 4578 stabilitur
1148 4527 1207 4595 lnit,
1223 4542 1276 4582 non
1290 4527 1401 4598 scripsit
1414 4525 1533 4593 aliquam
1546 4524 1689 4597 epistolam
1704 4523 1776 4587 illis,
1792 4537 1865 4592 quos
1881 4532 1941 4577 tatr-

297 4592 431 4648 adrentus
450 4593 529 4651 Pauli
550 4595 578 4651 in
600 4595 781 4665 Hispaniam,
803 4593 850 4648 sed
866 4595 948 4649 etiarn
963 4596 996 4649 ad
1013 4594 1094 4650 iidem
1148 4607 1241 4668 tepere
1253 4598 1346 4653 uidere
1357 4596 1547 4652 desiderabat?
1562 4596 1590 4650 Si
1601 4597 1672 4650 enirn
1684 4607 1718 4649 eo
1729 4607 1838 4665 semper
1849 4594 1941 4649 animo

297 4665 494 4722 conversiones
515 4677 673 4723 sanctorum
686 4665 771 4722 Probi
788 4674 816 4720 ct
829 4665 981 4737 llantippes
999 4667 1096 4737 cortju-
1148 4670 1197 4724 init
1212 4678 1242 4724 ut
1256 4671 1281 4722 in
1300 4669 1457 4738 Hispaniam
1472 4667 1713 4736 proticiscenetor,
1736 4666 1941 4733 quramprimum

297 4749 361 4806 gunt
382 4735 537 4805 nobilium,
560 4748 588 4794 ct
607 4738 722 4810 Philippi
737 4747 920 4806 cognomento
937 4737 1094 4804 Philotimi,
1147 4742 1282 4811 potiretur
1293 4739 1429 4803 libertate,
1447 4738 1518 4794 haud
1532 4737 1643 4793 dubium
1657 4736 1721 4808 quin
1734 4736 1775 4791 eis
1790 4737 1940 4807 qttidqnam

297 4821 366 4877 quos
380 4806 507 4866 hocloco
526 4809 609 4867 relert
625 4822 732 4867 auctor.
757 4808 824 4877 Ejus
839 4809 956 4878 denique
971 4809 1095 4865 veritatis
1148 4825 1197 4881 per
1209 4811 1351 4878 epistolum
1362 4811 1396 4866 de
1407 4825 1456 4865 suo
1467 4809 1499 4864 ad
1513 4811 1587 4877 ipsos
1598 4806 1790 4879 prolieisoendi
1802 4807 1942 4863 desidcrio

296 4889 457 4946 argumento
467 4896 529 4937 esse
545 4893 672 4950 possunt,
687 4896 747 4946 qum
762 4880 796 4933 de
808 4879 859 4935 SS.
872 4880 1027 4950 Virginibus
1042 4880 1093 4934 Ba·
1107 4916 1133 4978 D
1149 4882 1323 4950 patelaceret.
1338 4882 1473 4939 Ceterum
1488 4881 1510 4935 si
1527 4883 1579 4936 hoc
1592 4880 1680 4935 solum
1697 4878 1892 4946 desideratur,
1912 4887 1941 4933 nt

298 4948 388 5003 sitisse
412 4958 440 5004 et
459 4950 601 5006 Anastasia
622 4951 715 5006 Setabi
735 4948 898 5019 (Horatiae)
919 4951 1093 5008 invalentiae
1145 4952 1275 5008 adventus
1290 4954 1364 5010 Pauli
1377 4955 1404 5009 in
1416 4952 1571 5020 hispaniam
1582 4951 1749 5007 concedatur
1761 4950 1940 5021 (quamquam

297 5033 382 5088 regno
395 5022 483 5088 ortis,
506 5029 561 5076 eta
576 5022 660 5077 Panlo
672 5019 772 5077 ibidem
788 5021 945 5087 conuersis,
966 5031 994 5076 et
1011 5021 1046 5076 de
1062 5022 1092 5079 S.
1145 5023 1172 5081 id
1184 5025 1296 5082 minime
1307 5025 1584 5089 neeessarinmesset;
1598 5020 1940 5093 potniteoiurrerbutenus

298 5088 436 5160 Polyxena
449 5091 562 5149 inieritis
578 5109 639 5150 curn
652 5093 752 5147 Dextro
765 5089 863 5143 dicturi
877 5107 983 5147 sunaus.
1145 5095 1271 5167 Hispanis
1286 5098 1331 5167 qui
1345 5095 1441 5151 Renum
1454 5094 1632 5151 venabantur
1646 5092 1673 5149 id
1688 5091 1802 5157 dicere,
1829 5100 1860 5147 ut
1884 5091 1937 5163 ipsi

334 5159 426 5228 Quare
445 5163 580 5220 habentes
593 5171 698 5220 tanturn
714 5160 894 5217 asserentium
913 5164 1023 5218 testium
1040 5179 1092 5218 nu·
1144 5169 1207 5226 illac
1225 5167 1409 5225 rescriberent
1424 5164 1458 5221 de
1471 5167 1564 5221 arriano
1576 5179 1642 5229 sno,
1657 5175 1682 5219 et
1695 5162 1836 5220 desiderio
1848 5162 1941 5234 quoti·

298 5229 372 5300 bern,
390 5247 444 5288 non
456 5244 498 5290 est
510 5235 582 5306 quod
593 5234 650 5306 jam
665 5235 692 5290 in
705 5231 818 5287 dubium
830 5235 898 5289 verti
910 5243 1009 5304 queat:
1023 5251 1092 5304 prm·
1144 5240 1226 5295 diaron
1238 5240 1382 5309 llispanias
1394 5236 1546 5303 invisendi;
1562 5245 1609 5291 aut
1621 5234 1714 5291 lorsan
1726 5235 1841 5306 scripsit
1853 5247 1881 5291 et
1891 5235 1939 5290 de·

299 5300 394 5357 sertim
409 5318 470 5360 eum
485 5314 538 5360 tem
560 5323 591 5361 us
605 5304 736 5376 Apostolo
756 5303 789 5356 ad
810 5304 944 5375 eiusmodi
960 5307 1012 5362 iter
1024 5311 1093 5362 arri·
1144 5309 1226 5381 penit
1241 5310 1372 5380 epistola,
1388 5318 1417 5365 ul
1432 5308 1466 5365 de
1479 5324 1511 5366 ea
1522 5322 1603 5380 quam
1617 5307 1651 5362 ad
1666 5304 1853 5362 laodicenses
1866 5305 1940 5371 dedit

299 5373 430 5445 piendum
452 5322 636 5446 supergredi,
662 5385 803 5448 postqnatn
826 5378 976 5434 avitaculis
997 5378 1092 5434 Rotam
1144 5382 1244 5437 lactum
1258 5381 1337 5455 est);
1362 5380 1538 5437 nihilominus
1553 5378 1697 5450 epistolam
1718 5392 1791 5432 nutre
1804 5377 1939 5433 habemus

300 5445 405 5500 solutas
420 5459 473 5513 eet,
489 5457 517 5503 et
530 5449 656 5504 voluntas
668 5463 723 5504 non
737 5448 845 5504 deesset
859 5465 866 5504 ε
882 5462 909 5504 et
924 5459 1029 5505 certntn
1044 5451 1090 5515 sit,
1144 5454 1302 5507 santonicam
1329 5452 1362 5509 ad
1387 5453 1519 5523 Hispanos
1537 5449 1650 5515 domm,
1674 5448 1804 5504 uidelicet
1824 5464 1886 5520 quse
1903 5448 1938 5502 ad

299 5515 334 5573 ab
346 5529 380 5572 eo
394 5527 516 5588 tempore
528 5519 656 5590 usquead
670 5529 785 5576 mortem
798 5536 946 5592 numquam
959 5522 985 5576 in
996 5522 1094 5577 Orico·
1145 5522 1269 5579 Hebraea
1292 5524 1460 5580 inscribitur.
1485 5522 1538 5580 Sed
1557 5531 1585 5576 et
1609 5522 1661 5577 boc
1676 5519 1819 5575 dilltcilius
1833 5519 1937 5576 creditu

299 5595 355 5645 tem
368 5590 526 5659 secessisse,
542 5600 571 5645 nt
581 5590 637 5661 jam
647 5590 747 5646 dicam.
1144 5595 1291 5663 ridebitur,
1305 5612 1384 5668 quarn
1397 5597 1454 5667 ipse
1465 5595 1596 5650 adtentus
1606 5592 1635 5649 S.
1648 5591 1738 5657 Pauli,
1751 5591 1834 5647 aelim
1846 5601 1936 5646 tamen

338 5660 397 5717 Duo
419 5672 511 5718 tunren
532 5663 641 5717 obstare
663 5666 749 5732 prima
770 5660 1009 5729 iacietidentar,
1033 5678 1094 5734 qnae
1145 5668 1262 5723 lectores
1276 5668 1409 5737 patienter
1423 5675 1546 5737 spectent
1560 5679 1646 5736 usque
1659 5663 1694 5718 ad
1707 5677 1810 5737 annum
1829 5661 1934 5719 bomini

302 5731 438 5788 diluamus
454 5749 526 5790 tautae
541 5733 671 5801 temporis
694 5747 806 5789 necesse
825 5744 878 5790 est.
904 5736 1027 5789 Alterum
1053 5743 1094 5790 est
1145 5740 1202 5807 oti,
1228 5739 1272 5795 ubi
1292 5753 1354 5795 enm
1377 5740 1477 5794 llextro
1497 5754 1528 5794 ea
1549 5736 1582 5792 de
1602 5752 1632 5791 re
1653 5750 1685 5790 ca
1703 5732 1831 5804 professo
1846 5746 1938 5791 sumus

301 5805 372 5870 quod
388 5800 726 5875 Gelasinspaanlillq.
742 5804 1091 5876 amphemerinon,
1145 5811 1250 5878 acturi;
1281 5811 1390 5866 interim
1404 5825 1515 5883 quaiso,
1546 5807 1861 5863 neillicoreinorilale
1880 5819 1940 5888 per-

301 5887 381 5943 quem
400 5877 434 5935 lt.
456 5876 575 5935 Thomas
600 5878 676 5948 seqni
700 5877 798 5934 nacitur
823 5878 885 5935 lect.
908 5878 926 5934 S
945 5886 1091 5934 comittem.
1146 5882 1234 5939 territi
1250 5884 1322 5940 potis
1339 5883 1448 5938 inurant
1466 5879 1653 5948 sententiam,
1674 5892 1736 5950 aptam
1753 5877 1827 5937 aisis
1844 5877 1943 5950 qntbos
