4192 6434
434 381 570 445 teet

1507 387 1975 448 ttts‘rutttantltl
2015 386 2221 447 Lttmu
2263 383 2347 446 Vl.
2392 385 2543 445 cAt‘.
2588 384 2653 439 V.

3592 380 3733 441 1002

431 510 522 560 tea
560 503 726 576 380
754 500 1013 574 epistolas
1049 500 1248 561 Orodis
1271 509 1325 558 et
1368 518 1601 561 munera
1627 547 1643 575 ,
1675 508 1720 539 ¹²
1764 522 1863 577 pro
1895 522 2029 577 pace
2055 508 2111 573 A
2135 503 2466 570 exercitum,
2502 500 2567 582 ad
2596 498 3034 571 persequendum
3058 498 3098 532 ¹²
3124 511 3184 552 se
3215 496 3465 563 missum,
3486 497 3736 554 sibicon-

431 612 557 655 cum
599 597 823 654 Albanis
871 597 1248 665 instauranda,
1280 596 1521 656 libenter
1554 600 1773 671 aceepit
1805 616 1820 666 ;
1854 602 1900 633 ²¹
1930 600 2036 657 Ar-

430 693 612 743 tocem
643 703 828 759 regern
858 688 1047 746 lberiae
1069 690 1214 746 bello
1236 689 1396 760 ludit,
1425 692 1471 723 ²³
1501 700 1777 764 totamque
1803 692 2033 749 iberiam

434 778 493 835 ln
521 778 856 837 deditionem
890 782 1117 852 accepit.
1159 781 1290 838 Inde
1311 825 1326 849 ,
1367 798 1490 838 cum
1523 783 1864 851 Armeniam,
1909 784 2034 841 Col·

433 869 572 927 ebes
600 912 615 936 ,
647 871 1048 944 Cappadociam
1094 883 1151 930 et
1197 875 1412 947 Syriam
1459 875 1504 907 ¹²
1553 875 1822 933 ordinatis
1872 877 2037 933 rebus

431 964 871 1036 composuisset,
924 981 1256 1037 promovens
1297 966 1366 1023 de
1412 967 1586 1023 l‘onto
1627 968 1680 1024 in
1727 967 2034 1035 Parthiam,

432 1053 483 1088 ⁸⁸
517 1053 587 1109 ad
622 1052 952 1112 Ecbatanam
986 1058 1178 1115 urbem
1220 1068 1383 1131 eaput
1422 1057 1661 1116 Parthici
1693 1060 1845 1130 regni
1878 1059 2039 1131 quin·

432 1145 748 1218 quagesimo
777 1147 867 1205 die
899 1149 1072 1205 venit.

794 1238 810 1255 ⁸
1061 1240 1294 1301 CAPUT
1333 1243 1400 1301 V.

437 1329 595 1400 Quod
627 1329 964 1387 Mithridates
992 1333 1134 1403 filios
1165 1351 1229 1388 ae
1267 1335 1462 1390 amicos
1490 1336 1793 1407 peremerit,
1826 1336 2038 1408 ipseque

788 1405 1017 1459 uicissim
1047 1421 1079 1458 a
1108 1405 1222 1475 fiiio
1262 1416 1563 1477 peremptus
1590 1410 1678 1462 sit.

506 1512 564 1570 ln
599 1514 844 1587 Bosporo
878 1516 1192 1574 Mithridate
1222 1518 1464 1576 Cerealia
1495 1535 1652 1576 sacra
1682 1520 1997 1577 celebrante
2020 1564 2034 1587 ,

438 1605 459 1641 ¹
490 1617 837 1667 terraemotus
869 1611 1008 1667 adeo
1037 1613 1221 1683 gravis
1247 1614 1269 1645 ⁸
1307 1622 1538 1685 repente
1578 1624 1802 1671 exortus
1841 1623 1946 1683 est,
1979 1624 2038 1671 ut

438 1716 634 1774 magna
655 1703 839 1760 clades
869 1702 891 1735 ⁸
911 1719 977 1760 ex
1018 1719 1086 1761 eo
1115 1704 1330 1760 urbium
1369 1715 1531 1777 atque
1560 1722 1820 1778 agrorum
1852 1717 2039 1763 secuta

437 1805 708 1851 narretur.
743 1794 949 1852 Eodem
976 1805 1220 1868 tempore
1244 1797 1266 1828 ⁸
1286 1795 1484 1854 Castor
1504 1842 1518 1867 ‚
1548 1797 1877 1855 Mithridatis
1903 1814 2042 1869 prze-

2137 599 2365 659 eiliavit.
2398 605 2455 655 et
2483 612 2607 652 mox
2637 594 2902 651 adversus
2933 602 3142 665 patrem
3172 594 3343 649 duxit.
3375 593 3734 662 Mithridates,

2138 692 2228 748 diu
2254 710 2318 748 ex
2350 692 2621 747 altissimo
2647 704 2802 745 muro
2829 689 3001 745 filium
3045 690 3087 721 ¹¹
3126 688 3325 744 frustra
3355 698 3624 759 precatuS,
3645 691 3736 745 ubi

2138 785 2533 841 inexorabilem
2595 783 2756 849 vidit,
2806 784 3105 839 moriturus
3150 782 3485 838 exclamasse
3517 783 3738 838 fertur:

2140 875 2404 941 Quoniam
2434 873 2755 938 Pharnaces,
2781 873 2975 942 iuquit,
3002 873 3189 927 ¹³mori
3204 872 3370 944 jubet,
3389 891 3497 940 ros,
3527 873 3571 927 si
3590 874 3734 937 estis,

2139 968 2215 1023 an·
2243 968 2427 1040 patrii,
2459 983 2667 1038 precor,
2701 976 2755 1021 ut
2781 966 2825 998 ¹¹·
2849 966 3163 1037 quandoque
3191 975 3239 1020 et
3269 967 3379 1038 ipse
3408 967 3541 1021 leone
3565 982 3736 1022 vocem

2140 1078 2172 1115 a
2203 1059 2379 1116 liberis
2413 1062 2525 1115 suis
2552 1061 2757 1115 audiat.
2788 1059 3096 1131 Statimque
3133 1059 3478 1116 descendeus
3503 1059 3570 1115 ad
3605 1076 3735 1115 uxo·

2140 1168 2251 1222 res,
2296 1152 2525 1224 pellices
2566 1168 2628 1208 ae
2655 1152 2793 1209 iilias
2819 1167 2971 1222 suas,
2996 1168 3263 1208 venenum
3290 1152 3545 1206 omnibus
3567 1151 3735 1207 dedit.

2140 1246 2297 1317 Quod
2349 1262 2473 1303 cuin
2525 1248 2645 1315 ipse
2688 1247 3020 1302 novissimus
3064 1246 3357 1315 hausisset,
3407 1261 3509 1301 nee
3539 1257 3741 1312 tamen,

2138 1348 2370 1413 propter
2398 1330 2661 1406 remedia,
2690 1341 2887 1411 quihus
2918 1339 3105 1395 vitalia
3128 1354 3225 1394 sua
3250 1338 3517 1394 adversus
3548 1340 3740 1394 noxios

2141 1445 2337 1488 succos
2361 1446 2508 1501 soepe
2531 1431 2905 1498 obstruxerat,
2941 1445 3151 1486 veneno
3178 1429 3371 1485 confici
3405 1439 3612 1499 posset,
3630 1429 3744 1485 sru-

2145 1530 2371 1594 straqne
2418 1522 2783 1594 spatiaretur,
2835 1522 2881 1578 si
2932 1536 3038 1592 qno
3088 1520 3307 1578 tandem
3348 1521 3515 1576 modo
3568 1521 3740 1576 infusa

2143 1619 2318 1689 pestis
2351 1633 2451 1688 per
2468 1632 2637 1673 venas
2661 1616 3005 1686 vegetatione
3033 1613 3280 1685 corporis
3318 1622 3439 1669 acta
3468 1613 3741 1668 discurre-

2145 1716 2251 1777 ret,
2285 1710 2329 1743 ¹⁸
2355 1709 2570 1767 Gallum
2603 1708 2893 1779 quemdam
2925 1707 3179 1774 mititem,
3225 1706 3337 1777 jam
3370 1704 3543 1762 fracto
3585 1721 3744 1761 muro

2145 1801 2570 1869 discurrentem,
2623 1799 2877 1855 invitavit
2897 1840 2914 1868 ,
2968 1801 3131 1870 eique
3178 1799 3423 1868 Jugulum
3483 1798 3740 1868 praebuit.

435 1884 645 1956 secunx,
675 1887 766 1957 qui
797 1886 1140 1960 phanagorio
1163 1900 1418 1961 praeerat,
1464 1890 1772 1948 interfectis
1794 1892 1982 1947 amicis
2014 1891 2037 1923 ⁸
2064 1896 2115 1958 Β
2144 1897 2189 1929 ¹⁶
2208 1896 2362 1954 llnnc
2391 1899 2600 1954 exitum
2624 1897 2750 1952 vitae
2773 1894 3117 1951 Mithridates
3138 1894 3303 1966 382
3326 1892 3534 1961 habuit,
3564 1893 3743 1959 *7,ηο-

436 1982 607 2054 regiis
633 1998 818 2040 arcem
863 1986 1144 2056 occupavit
1172 2026 1186 2051 ,
1219 1993 1274 2040 et
1310 1985 1333 2016 ⁸
1362 1995 1593 2056 quatuor
1616 1985 1949 2042 Mithridatis
1976 1986 2037 2040 ii-

437 2074 545 2131 lios
602 2074 670 2131 ad
729 2076 981 2146 praesidia
1038 2078 1059 2111 ⁷
1123 2076 1369 2132 Romana
1440 2078 1766 2133 transmisit.
1833 2076 2045 2134 Mithri-

436 2167 596 2226 dates
642 2212 657 2237 ,
734 2185 996 2226 aecensus
1084 2170 1161 2226 ira
1215 2212 1232 2237 ‚
1270 2184 1274 2187 ·
1311 2171 1334 2203 ⁸
1407 2171 1458 2226 in
1537 2171 1744 2228 scelera
1813 2171 2037 2226 exarsit.

430 2258 597 2333 281
649 2258 782 2316 Nam
812 2261 1125 2333 complures
1168 2269 1296 2317 tunc
1343 2262 1550 2319 amieos
1594 2277 1749 2328 suos,
1794 2260 2045 2317 et⁰Exi-

436 2354 663 2427 podram
695 2355 865 2411 lilium
889 2346 1049 2411 suum
1070 2354 1369 2422 interfecit,
1397 2370 1520 2412 eum
1533 2366 1691 2414 antea
1714 2356 1826 2426 jam
1845 2355 2035 2421 atium,

438 2448 485 2482 ¹⁸
506 2448 817 2508 Macharem
850 2449 1107 2520 nomine,
1145 2449 1443 2521 parricidio
1474 2450 1842 2507 trucidasset:
1870 2447 2042 2504 Phar-

435 2558 602 2602 naces
625 2586 641 2613 ,
702 2544 842 2602 alter
873 2544 1020 2603 tilius
1049 2544 1194 2617 ejus,
1227 2546 1482 2616 exemplo
1526 2544 1754 2602 fratrum
1788 2547 2039 2620 territus,

2146 1989 2344 2061 bisque
2391 1990 2680 2047 sententiae
2710 2003 2827 2045 suae
2857 1987 3214 2044 fortissimum
3251 1995 3629 2057 argumentum
3659 2002 3739 2042 re·

2151 2082 2333 2156 liquit,
2361 2084 2524 2138 homo
2543 2082 2811 2149 omnium,
2836 2089 2894 2136 ut
2919 2080 3127 2146 ierunt,
3147 2078 3743 2149 superstitiosissimum,

2147 2192 2323 2234 annos
2379 2187 2538 2232 natus
2605 2176 2650 2207 ¹⁸
2701 2173 3046 2245 septuaginta
3092 2170 3251 2240 duos,
3301 2170 3507 2226 habens
3560 2184 3745 2225 secum

2148 2284 2370 2341 semper
2409 2265 2796 2339 philosophos,
2848 2264 3203 2333 omniumque
3233 2263 3430 2317 artium
3474 2261 3748 2332 peritissi-

2147 2376 2287 2419 mos.
2314 2361 2376 2417 Si
2405 2361 2548 2426 estis,
2578 2358 2772 2429 inquit,
2802 2357 2878 2410 dii
2905 2358 3086 2426 patrii.
3125 2354 3200 2410 lta
3234 2353 3323 2410 ille
3353 2354 3445 2409 diu
3492 2352 3747 2419 colendo,

2151 2470 2216 2511 ac
2244 2454 2338 2511 diu
2368 2452 2666 2523 qua-rende
2690 2457 3062 2521 persenserat,
3100 2452 3200 2502 hos
3247 2461 3353 2501 non
3402 2459 3525 2501 esse
3569 2455 3751 2501 certos

2152 2546 2309 2614 deoS,
2341 2545 2435 2616 qui
2481 2559 2604 2601 esse
2635 2542 2985 2614 putabantur.
3011 2539 3127 2596 Rex
3159 2539 3344 2596 multae
3395 2536 3752 2608 experientiae

1732 2683 2196 2742 ttavERcAMt‘t
2235 2681 2465 2739 NOTAE.

509 2796 605 2851 21.
652 2794 758 2852 Pro
785 2813 913 2868 pace
940 2812 1061 2851 cum
1088 2796 1306 2853 Albanis
1325 2797 1690 2853 instauranda.
1714 2797 1916 2881 Recepi
1942 2799 2050 2854 lee-

450 2871 658 2924 tionem
686 2867 814 2923 cod.
841 2867 1217 2937 Perizoniani,
1242 2882 1366 2937 qua:
1395 2868 1526 2924 mihi
1551 2884 1662 2939 prae
1690 2868 1914 2942 reliquis
1935 2872 2052 2953 pla-

436 2949 550 2997 cet.
577 2938 754 3008 Vulgo
787 2939 1009 3010 legitur,
1051 2948 1098 2995 et
1124 2954 1338 2994 munera
1377 2955 1496 2994 cum
1539 2938 1756 2995 Albanis
1796 2958 1922 3013 paee
1962 2958 2045 2996 ta-

444 3012 737 3067 stattrauda
766 3009 984 3066 libenter
1027 3011 1246 3083 aceepit.
1284 3010 1484 3067 Vocem
1522 3026 1651 3084 paee
1684 3011 1859 3081 Lugd.
1907 3012 2049 3067 Batt.

446 3088 563 3138 tres
592 3096 715 3136 cnm
746 3080 886 3137 Coit.
914 3081 1090 3137 Gron.
1130 3081 1432 3152 negligunt.
1469 3082 1826 3137 Desideratur
1855 3082 2045 3139 eadem

441 3151 501 3209 iu
524 3152 712 3208 multis
742 3160 877 3209 vett.
918 3152 1052 3208 edd.
1099 3152 1208 3209 Sed
1254 3163 1310 3208 et
1354 3152 1517 3208 aliam
1553 3152 1843 3208 lectionem
1891 3168 2045 3210 meus

441 3223 617 3280 eodex
656 3224 987 3295 suppeditat.
1027 3224 1251 3294 Legitur
1295 3225 1350 3278 in
1390 3237 1458 3279 en
1506 3241 1518 3277 :
1561 3222 1753 3279 Postea
1797 3225 2046 3296 epistolas
2073 3218 2120 3283 C
2155 3198 2313 3256 ⁰¹¹3*-

445 3293 639 3351 Orodis
669 3304 716 3350 et
751 3311 966 3350 munera
1006 3310 1124 3350 cum
1153 3293 1369 3349 Albanis
1401 3295 1546 3365 pacis
1583 3295 1949 3349 instaurandae
1974 3295 2045 3349 ti-

444 3367 620 3422 unser
650 3368 864 3437 accepit.
908 3366 1040 3433 Quoe
1071 3365 1237 3422 lectio
1283 3365 1711 3435 superscribitur
1736 3380 1958 3437 quoque
1991 3365 2044 3421 in

443 3435 692 3495 Floreat.
724 3438 986 3493 secundo.

514 3507 611 3562 29..
651 3508 890 3562 Artoeem
913 3524 1083 3578 regern
1125 3504 1333 3563 Iberioe.
1359 3506 1613 3583 Ἀρτώκην
1653 3505 1796 3563 hunc
1829 3522 2047 3580 quoqne

444 3577 550 3635 mo
575 3578 672 3633 lib.
708 3595 893 3634 xxxvu
925 3579 1200 3644 nominat,
1234 3577 1325 3651 qui
1371 3578 1424 3632 in
1456 3578 1687 3649 Appiani
1708 3578 1870 3648 ,libris
1897 3595 2045 3634 meu·

447 3649 584 3707 dese
599 3648 813 3713 ἀτοκος
852 3650 1090 3716 dicitur;
1125 3649 1288 3705 iidem
1320 3647 1505 3722 κύρτον
1542 3649 1807 3705 mendose
1836 3648 2042 3707 habent.

447 3735 550 3850 ἕνα
597 3723 776 3800 κρὺνον
806 3761 823 3789 ,
866 3736 966 3777 nec
1029 3721 1192 3777 aliter
1241 3721 1517 3777 Candidus
1570 3721 1842 3791 interpres
1892 3721 2042 3793 legit.

496 3807 619 3848 nu.

520 3864 616 3920 25.
660 3861 965 3933 Totamque.
1001 3862 1175 3935 Lngd.
1210 3862 1326 3919 nat.
1357 3877 1471 3920 see.
1510 3903 1526 3931 ,
1556 3871 1721 3919 totam
1751 3879 1974 3935 quoque.

522 3932 616 3990 2⁴.
660 3933 956 3989 Ordinatis.
997 3934 1173 3999 Meus,
1207 3935 1425 3990 ornatis.

522 4005 614 4062 25.
654 4005 738 4061 Ad
760 4004 1101 4061 Ecbatanam.
1138 4005 1311 4079 Lugd.
1354 4006 1472 4061 Bat.
1512 4021 1595 4076 pr.
1645 4015 1701 4063 et
1736 4005 1883 4063 Con.
1912 4005 2052 4064 Gro-

448 4090 615 4141 nov..
650 4075 1002 4133 Ecbatanam.

525 4147 659 4205 Cn».
703 4147 771 4204 V.
795 4149 949 4204 -1.
989 4147 1339 4203 Terroentotns
1385 4148 1516 4203 adeo
1567 4148 1762 4221 pravis.
1822 4149 1901 4205 De
1949 4150 2054 4207 hoe

450 4226 772 4278 terraemotu
798 4220 897 4276 Dio
923 4218 1017 4274 lib.
1047 4234 1229 4274 xxxvn
1254 4238 1266 4273 :
1292 4224 1385 4276 Kal
1409 4220 1437 4277 ὁ
1465 4221 1680 4310 σεισμὸς
1699 4222 1939 4294 μίγιστος
1958 4237 2054 4295 γῆς

450 4298 562 4349 τῦν
605 4293 817 4348 πώποτε
860 4292 1188 4363 συνενεχθεὶς
1225 4293 1398 4354 αὐτοῖς
1445 4290 1635 4353 aronae,-
1692 4299 1792 4347 τῶν
1856 4293 2052 4349 πόλεων

452 4359 700 4440 ἔφθειρεν,
717 4362 755 4417 i.
784 4377 836 4420 e.
865 4380 880 4418 ι
907 4361 1250 4418 Terroemotns
1278 4366 1449 4436 major
1463 4363 1606 4433 apud
1627 4361 1748 4416 ilios
1770 4371 1878 4417 tum
1899 4379 2054 4433 quam

452 4448 703 4559 unigenae
720 4433 854 4559 aliar
881 4434 1108 4560 εῗέξέει,
1141 4434 1330 4558 nuntiatas
1360 4433 1511 4488 urbes
1538 4434 1736 4488 evertit.
1777 4432 1944 4489 Fssn.

568 4542 586 4558 .
676 4520 706 4560 e
770 4521 802 4558 n
828 4521 874 4560 e.
1114 4519 1146 4558 a
1229 4519 1315 4560 eo.

526 4573 584 4631 5.
623 4520 822 4629 Expgo.
852 4575 1106 4631 Perizon.
1125 4613 1142 4638 ‚
1172 4573 1380 4629 exinde.

526 4647 585 4701 4.
626 4645 830 4712 Castor,
854 4644 1177 4701 Mithridatis
1199 4649 1490 4716 proeseetus.
1511 4646 1721 4721 κὰστωρ
1738 4650 2051 4725 Φαναγορεύς

455 4715 715 4788 Appiano
747 4717 979 4784 dicitur,
1013 4716 1104 4787 qui
1132 4716 1469 4793 §mayipsm
1500 4719 1780 4783 nominat,
1811 4735 1931 4789 qum
1961 4718 2049 4776 hic

454 4786 517 4844 in
555 4789 788 4844 vetustis
827 4786 980 4843 libris
1019 4828 1034 4853 ,
1091 4785 1488 4859 Phanaqorium
1537 4787 1860 4858 appeltatur.
1915 4789 2052 4848 Vide

456 4856 786 4914 Strabonem
813 4858 910 4916 lib.
939 4874 1011 4915 vr.
1044 4857 1209 4914 Faue.

531 4929 590 4986 5.
630 4929 834 5002 Reqiis.
858 4928 1029 5000 Lugd.
1061 4928 1185 4984 Bat.
1218 4944 1303 4999 pr.
1325 4937 1381 4985 et
1408 4936 1590 5001 quart.
1609 4970 1627 4994 ,
1655 4930 1810 5000 repis.

533 4999 588 5056 6.
630 5000 872 5067 Qualiter
896 5000 1055 5070 filios.
1080 4998 1148 5055 ui
1177 4997 1403 5056 fuerunt
1425 4999 1808 5071 Artaphernes,
1835 4999 2049 5070 Darius,

454 5070 662 5127 Xerses
679 5080 728 5126 et
756 5070 1013 5126 Oxathres
1029 5111 1045 5134 ,
1062 5079 1252 5138 auctor
1266 5069 1568 5141 Appianas.
1594 5070 1763 5128 Fun.
1790 5102 1863 5114 —-
1884 5072 1939 5128 Χ
1942 5074 2055 5145 ipo-

457 5140 647 5196 dmm
674 5142 863 5214 legunt.
891 5141 1051 5198 codd.
1084 5140 1235 5198 Meus
1261 5149 1318 5196 et
1351 5142 1628 5208 perizon„
1657 5143 1800 5213 quod
1831 5144 2053 5215 conjec-

460 5217 639 5267 turam
681 5211 917 5271 Fabricii
949 5257 965 5283 ,
1003 5210 1144 5269 inira
1170 5254 1189 5284 ‚
1228 5211 1298 5269 de
1346 5211 1589 5284 Xiphare
1631 5213 1849 5271 videtur
1899 5214 2055 5287 adju·

454 5293 613 5338 ”re-

535 5351 592 5410 7.
634 5354 873 5409 Romana
904 5355 1207 5411 transmisit.
1231 5354 1405 5423 Meus,
1441 5354 1795 5412 Romanorum
1817 5357 1981 5413 misit.

536 5421 593 5480 8.
623 5422 695 5479 In
734 5426 949 5481 seelera.
992 5426 1164 5498 Lugd.
1195 5425 1316 5481 Bat.
1350 5442 1432 5499 pr.
1465 5436 1521 5482 et
1548 5435 1728 5498 quart.
1760 5430 1816 5483 in
1841 5430 2054 5484 scelere.

540 5492 597 5551 9.
632 5494 975 5567 exipodram.
1007 5496 1085 5552 De
1107 5497 1210 5552 hoe
1239 5498 1330 5553 alii
1363 5498 1504 5568 quod
1531 5500 1698 5553 sciata
1732 5499 1896 5567 nihil,
1946 5497 2055 5554 nisi

461 5563 610 5624 forte
636 5566 725 5622 hie
744 5573 831 5622 est
852 5566 903 5623 X
909 5570 1141 5641 ipitares,
1160 5566 1230 5623 de
1254 5583 1363 5640 quo
1392 5568 1694 5642 Appianas.
1725 5568 1894 5624 Fsua.

539 5636 630 5694 10.
666 5635 985 5695 Maenas-em.
1020 5639 1132 5694 Hoc
1177 5653 1374 5696 nomen
1398 5683 1415 5709 ‚
1445 5639 1589 5712 quod
1617 5640 1671 5696 in
1714 5640 1947 5712 vulgatis
1993 5640 2059 5695 li-

463 5705 587 5765 bris
625 5708 779 5764 varie
805 5717 1122 5781 corruptum
1150 5720 1256 5776 est,
1290 5710 1346 5767 in
1376 5711 1764 5781 manuscriptis
1805 5717 1956 5767 reete
1982 5711 2064 5768 le-

463 5777 874 5907 {mesissssssin
901 5784 1300 5923 “effetatus
1332 5782 1595 5921 tear
1612 5789 1841 5908 aaut·
1866 5780 2059 5921 „tax-

467 5918 568 5983 sed
592 5934 719 5979 cum
747 5937 838 5979 res
864 5920 1212 5989 Mithridatis,
1242 5923 1362 5992 ipso
1394 5922 1450 5979 iu
1489 5923 1747 5981 Armenia
1786 5894 2061 5995 latitante:

691 6015 978 6082 Parnoi..
1054 6012 1299 6078 xxxi.

2158 2789 2338 2844 neque
2358 2774 2675 2843 in‘l'igranis
2702 2775 2888 2845 generi
2920 2780 3273 2842 conspectum
3301 2771 3567 2835 admisso,
3590 2772 3749 2843 plane

2157 2846 2224 2901 ad
2258 2847 2455 2902 inritas
2499 2846 2815 2901 viderentur
2847 2844 3104 2910 redactae,
3142 2843 3429 2899 Machares
3461 2843 3607 2898 tilius
3641 2844 3751 2899 Ro-

2156 2932 2463 2982 manorum,
2494 2932 2596 2985 pro
2621 2916 2907 2972 retinendo
2949 2931 3136 2985 regno,
3166 2914 3355 2969 ambiit
3405 2916 3697 2969 amicitiam
3734 2932 3748 2978 ;

2153 3002 2325 3059 quare
2356 2986 2606 3044 redeunti
2648 2988 2700 3042 iu
2736 3002 2962 3058 regnum
2995 2986 3130 3054 patri
3183 2985 3383 3040 frustra
3429 3001 3488 3040 se
3519 3000 3751 3056 purgare

2153 3070 2405 3123 conatus,
2459 3058 2525 3112 ad
2580 3069 2810 3113 mortem
2863 3057 3090 3112 adactus
3124 3055 3245 3110 suit.
3281 3055 3414 3110 Vide
3460 3055 3635 3110 fusius
3684 3057 3751 3110 de

2151 3128 2305 3185 hisce
2355 3128 2613 3184 omnibus
2658 3128 2835 3185 Vitam
2903 3126 3230 3182 Mithridatis
3305 3129 3438 3181 tom.
3496 3124 3563 3180 ΙΙΙ
3609 3126 3748 3181 llist.

2227 3270 2437 3354 ss3Se.
2485 3268 2581 3327 Sie
2623 3282 2756 3325 mss.
2818 3269 3027 3324 malunt
3078 3267 3184 3323 hoc
3234 3267 3354 3322 loco
3402 3280 3564 3338 quam
3604 3282 3715 3322 sese
3728 3284 3747 3335 ,-

2151 3340 2805 3539 quOnffiaeinesthon
2872 3418 3049 3468 exstat
3106 3410 3159 3465 in
3222 3417 3357 3466 vett.
3424 3407 3749 3480 quibusdam

2227 3556 2317 3612 15.
2352 3555 2494 3611 Mori
2510 3555 2680 3626 jabet.
2716 3556 2900 3625 inepte
2929 3552 3135 3609 eaedem
3171 3569 3253 3608 me
3281 3551 3604 3622 adiungunt.

2228 3625 2317 3681 tt.
2349 3627 2689 3697 Quandoque.
2713 3626 2853 3682 Editi
2880 3626 3233 3709 quandoque:
3266 3623 3361 3679 sed
3388 3623 3747 3693 quandocum-

2154 3712 2253 3767 que
2298 3713 2484 3752 verum
2513 3709 2598 3754 est
2623 3740 2640 3763 ,
2673 3708 2730 3754 et
2778 3705 2995 3766 ponitur
3020 3695 3272 3751 absolute
3301 3708 3401 3760 pro
3430 3710 3753 3765 quocumque

2156 3776 2405 3839 tempore,
2433 3778 2684 3825 venuste.
2719 3768 2890 3825 Lau-r.
2917 3796 2987 3808 --
3019 3768 3073 3820 ln
3115 3780 3246 3819 mss.
3282 3763 3546 3819 Floreutt.
3582 3779 3666 3834 pr.
3693 3776 3749 3820 et

2155 3853 2293 3905 sec..
2328 3840 2383 3894 in
2413 3838 2590 3910 Lugd.
2623 3839 2743 3896 Bat.
2778 3847 2905 3895 tert.
2931 3848 2986 3894 et
3016 3835 3154 3892 Coll.
3178 3834 3351 3890 Gran.
3379 3835 3558 3889 inveni
3581 3851 3751 3905 quan-

2156 3912 2462 3980 documque.
2916 3933 2920 3938 ·

2232 3980 2318 4036 15.
2342 3980 2555 4037 Gallum
2583 3982 2860 4053 quemdam
2893 3977 3132 4033 militem.
3162 3976 3222 4031 lu
3252 3975 3487 4045 epitoma
3517 3990 3591 4031 cn
3636 3983 3745 4045 est,

2157 4051 2201 4107 A
2232 4051 2398 4108 utilite
2425 4051 2600 4120 Gallo,
2627 4054 2832 4107 nomine
2852 4051 3088 4105 Bitnoco.
3133 4051 3338 4104 Auctor
3365 4046 3434 4103 de
3459 4047 3594 4103 viris
3623 4047 3747 4103 ittu-

2157 4121 2385 4194 stribuS‚
2412 4122 2624 4180 Gallum
2655 4123 2929 4179 Sithocutn.
2955 4121 3215 4177 nominat.
3249 4118 3452 4173 Verum
3478 4132 3600 4173 cum
3638 4118 3749 4188 Ap-

2160 4195 2352 4258 pianus
2397 4195 2541 4250 hunc
2579 4203 2797 4252 Βιτοῖτον
2848 4192 3126 4258 nominet,
3173 4191 3294 4247 vide
3342 4204 3411 4243 ne
3459 4189 3750 4260 utrobique

2159 4262 2426 4321 Bitoetum
2449 4267 2520 4321 sit
2549 4266 2922 4322 scribendum.
2959 4264 3125 4320 Fauu.
3148 4291 3221 4303 -·
3249 4260 3502 4328 Bituitus,
3551 4275 3747 4315 nomen

2160 4344 2246 4391 est
2267 4336 2556 4401 Gallicum,
2590 4346 2647 4392 ut
2685 4345 2831 4405 patet
2853 4352 2918 4390 ex
2949 4351 3078 4404 rege
3097 4334 3490 4397 Arvernorum,
3520 4329 3747 4398 Bituito,

2160 4407 2251 4477 qni
2279 4407 2507 4463 Romam
2540 4409 2593 4463 in
2627 4406 2960 4475 triumphum
2993 4408 3192 4460 ductus
3230 4403 3354 4457 fuit.

2235 4478 2323 4532 16.
2355 4478 2515 4533 Hune
2529 4479 2724 4534 exitam
2741 4479 2857 4532 uitae
2876 4475 3228 4531 Mithridates.
3252 4471 3353 4528 Ed.
3369 4468 3749 4539 Augustdntnc

2161 4549 2354 4604 exitum
2381 4550 2485 4603 vita
2511 4547 2835 4603 Mithridatis
2864 4546 3063 4601 habuit.
3090 4546 3252 4600 Multa
3284 4542 3445 4612 hujus
3473 4538 3754 4595 Mithrida—

2078 4610 2133 4665 Π
2158 4621 2251 4684 tis,
2283 4621 2503 4674 maximi
2534 4632 2589 4674 et
2611 4619 2888 4675 fortissimi
2919 4617 3086 4688 regis.
3113 4621 3370 4687 argentea
3400 4618 3620 4667 exstant
3646 4626 3749 4665 nu-

2157 4693 2439 4755 misinata3
2466 4705 2631 4744 unum
2660 4704 2791 4746 vero
2822 4703 2935 4759 prae
2963 4687 3188 4758 reliquis
3212 4701 3276 4740 ex
3309 4696 3446 4738 auro
3467 4679 3743 4751 qnondam

2153 4758 2207 4815 in
2235 4775 2422 4817 museo
2452 4758 2786 4826 Marekiano,
2818 4774 2930 4825 prae
2953 4758 3170 4813 caeteris
3195 4755 3463 4825 insignem
3487 4750 3622 4820 vidi,
3647 4767 3743 4807 cu-

2151 4829 2240 4901 ius
2267 4830 2729 4889 accuratissimam
2759 4830 2990 4902 subjicio
3017 4824 3461 4885 delineationem.

2234 5641 2322 5698 17.
2354 5639 2641 5711 Nobisque.
2682 5633 2803 5693 Col.
2830 5636 3098 5704 Gronov„
3131 5633 3447 5705 nobilisque.

2234 5712 2324 5769 18.
2357 5710 2703 5784 Septuaqinta
2729 5708 2882 5764 duos.
2915 5707 3052 5765 Edd.
3083 5715 3220 5763 vett.
3249 5701 3522 5784 quaedam,
3552 5708 3762 5771 septua-

2196 5783 2309 5837 inta
2335 5790 2384 5836 et
2406 5782 2650 5854 quinque.
2676 5779 2943 5836 Florentt.
2971 5786 3104 5844 tres,
3151 5781 3476 5846 septuaginta
3519 5779 3569 5825 et
3621 5772 3751 5827 dno.

2210 5869 2272 5910 ro
2321 5854 2496 5921 ferient
2549 5850 2676 5908 edd.
2731 5851 2938 5906 easdem
2990 5853 3167 5928 fertur·
3187 5843 3422 5899 malunt.
3458 5842 3755 5914 Aliquanto

2161 5931 2288 6000 post
2315 5931 2554 5982 senserat
2582 5935 2681 5996 pro
2708 5927 3029 5994 persenserat
3049 5918 3297 5975 Pernen.

3141 6004 3241 6080 ,32
