4192 6434
273 341 328 401 'tab
969 332 1074 393 PAULI
1093 331 1211 393 OROSll
1870 325 1925 384 itt

271 453 406 522 cedendo,
421 451 577 524 consumpti
592 450 678 522 megis
691 448 836 506 rideantur
853 449 864 480 ¹
880 446 964 504 luisse
984 461 1069 519 quam
1081 450 1109 512 A
1119 444 1261 518 Spartanis
1275 445 1370 503 urbem
1386 444 1503 516 prodere
1523 440 1612 499 moliti
1633 448 1697 497 sunt
1711 455 1719 496 ε
1734 438 1847 508 deinde,
1861 454 1923 496 cnm

272 547 348 604 vieti.
364 544 504 616 Principio
516 548 590 601 enlm
606 540 761 597 Alcibiades
777 541 858 613 129
871 553 965 594 omncs
979 539 1071 596 socios
1123 538 1150 594 id
1163 538 1265 595 trustra
1275 539 1286 571 ¹
1296 539 1473 610 cogitassent,
1486 537 1514 593 in
1524 535 1649 593 exsilium
1661 543 1759 605 sponte
1769 543 1924 590 cesserunt.

274 639 392 697 delicere
404 638 439 694 ab
454 636 497 692 ltis
510 636 543 692 ad
557 634 782 691 cacodemones
796 633 886 703 coegit
900 650 907 685 :
920 631 968 687 sed
992 639 1019 686 et
1037 629 1071 686 ab
1122 628 1204 701 igitur
1225 629 1391 705 Alcibiades,
1408 630 1492 700 patria
1514 629 1638 697 liberata,
1655 625 1771 683 classem
1788 626 1815 681 in
1830 625 1923 683 hostes

180 739 182 743 ’
275 721 1071 803 lsisqooqueperlnridiaminsidiis¹appetitusauiugit,
1123 723 1225 794 dirigit.
1245 726 1256 754 ¹
1274 720 1428 779 Commisso
1449 722 1555 794 praelio,
1577 720 1719 777 victoriam
1741 718 1925 776 Athenienses

275 824 334 881 et¹¹
345 821 573 879 adiissalernem
585 817 735 875 inllediata
755 816 907 873 concessit:
920 816 964 870 cui
978 815 1073 871 statim
1122 823 1278 885 capessunt.
1292 814 1379 870 Porro
1401 820 1493 871 autern
1509 812 1595 883 maior
1614 826 1677 882 pars
1695 811 1822 881 Spartani
1845 825 1926 867 exer·

274 915 484 975 accommodato
499 914 609 984 ingenio
624 913 644 944 ¹¹
658 920 686 968 ct
699 912 757 982 apti
774 909 875 982 eloquii
890 908 976 981 qratia
993 907 1073 964 laral-
1123 907 1193 964 citus
1211 921 1301 975 caesa,
1317 907 1402 963 duces
1416 922 1524 978 quoqne
1537 908 1549 939 ¹
1563 920 1632 976 pene
1645 918 1741 960 omncs
1764 903 1901 960 interfecti
1916 944 1925 970 ,

272 1011 475 1075 liariorlaetns,
489 1004 647 1077 persuadet,
662 1002 932 1061 trehaeedaemontos
945 1009 999 1057 tam
1013 1016 1075 1073 pro·
1123 1008 1152 1056 et
1175 999 1312 1070 octoginta
1335 1013 1417 1055 naves
1441 1008 1539 1069 captae,
1564 998 1667 1066 absque
1679 997 1733 1062 his,
1747 1012 1809 1067 qum
1823 995 1850 1052 in
1862 1011 1927 1052 con·

274 1101 343 1158 lusis
364 1100 462 1172 opibus
479 1099 501 1131 ¹¹
512 1098 591 1168 juvet
605 1113 613 1151 ι
627 1110 690 1152 eum
709 1095 801 1166 potios
814 1092 894 1149 istius
912 1091 1073 1151 certaminis
1123 1091 1198 1147 llietu
1227 1089 1347 1149 incensa·
1374 1090 1561 1158 demersaeque
1584 1088 1605 1121 ¹⁰
1628 1089 1766 1158 perierunt
1794 1105 1803 1144 s
1833 1102 1928 1145 rursus

275 1196 408 1252 arbitrum
431 1200 672 1263 spectatoremque
688 1188 746 1245 lieri
765 1186 876 1254 debere,
900 1188 1075 1258 integrasque
1124 1184 1237 1250 hellam,
1259 1184 1286 1240 ia
1311 1193 1414 1242 terram
1435 1183 1607 1252 translatum,
1622 1181 1764 1252 Spartanis
1786 1195 1865 1252 aeque
1886 1181 1928 1237 in·

275 1278 1074 1362 Lydiaeriresadsersusrietorem”reservandasQuam·
1124 1278 1241 1335 icliciter
1265 1277 1351 1336 cessit
1377 1295 1385 1333 a
1410 1278 1509 1350 quibus
1536 1277 1619 1334 rebus
1644 1276 1723 1333 lracti
1751 1277 1772 1309 ¹¹
1800 1276 1928 1333 Lacedae-

274 1383 369 1437 obrem
392 1376 564 1435 Tissalernos
591 1384 697 1446 partera
723 1375 821 1431 classis
845 1388 907 1429 curn
933 1372 1074 1444 aliquanta
1125 1373 1220 1440 monii,
1249 1374 1352 1445 petiere
1376 1387 1483 1444 pacem,
1507 1385 1557 1427 nec
1581 1381 1672 1427 tamen
1698 1370 1848 1442 impetrare
1876 1386 1926 1442 po·

274 1484 358 1526 manu
370 1466 469 1526 deduci
479 1464 675 1523 Lacedaemona
688 1464 764 1534 jubet
777 1480 784 1519 ε
799 1478 834 1519 ne
850 1465 892 1519 vel
903 1462 1075 1519 abortientes
1127 1472 1250 1521 luerunt.
1268 1465 1345 1536 131
1368 1464 1504 1520 Prteterea
1519 1463 1540 1500 ¹¹
1553 1461 1725 1535 Syracusana
1744 1461 1872 1532 praesidia
1893 1463 1920 1517 in

281 1560 304 1594 ¹¹
319 1559 454 1632 suffragiis
473 1559 564 1615 alieno
580 1559 631 1613 tuti
647 1555 773 1628 periculo
793 1547 971 1619 dlnrie'srent,
988 1553 1030 1611 rel
1045 1553 1075 1609 in
1125 1553 1259 1623 Siciliam,
1280 1555 1373 1611 andita
1397 1553 1622 1625 carthaginensis
1647 1553 1711 1610 belli
1737 1554 1925 1619 intestatione,

168 1670 171 1675 ·
277 1660 364 1712 toturn
379 1651 515 1720 destituti,
532 1658 689 1719 susceptum
705 1656 845 1704 certamen
866 1645 1039 1703 omitterent.
1126 1660 1252 1706 revocata
1277 1656 1351 1706 sunt.
1376 1648 1562 1717 Quamobrem
1583 1648 1739 1706 Alcibiades
1764 1650 1855 1705 classe
1873 1650 1927 1704 rie·

528 1763 608 1835 130
627 1760 741 1818 cppup
761 1760 833 1817 1111,
1128 1741 1192 1799 trlei
1217 1749 1301 1799 totam
1322 1741 1414 1799 Asiam
1430 1750 1603 1811 pervagatur,
1628 1740 1719 1806 hellis,
1742 1740 1890 1807 incendiis,
1906 1741 1928 1774 ¹¹

276 1856 469 1916 ausarensem
475 1855 595 1910 odoemm
602 1851 1012 1925 Locadoeutoniosproelioqrooiu,
1022 1850 1079 1905 hor·
1094 1840 1117 1902 Β
1131 1834 1306 1906 effidibusilffl
1319 1832 1390 1903 ¹¹1¹it
1403 1834 1555 1903 ⁸¹⁰¹¹¹¹¹¹l¹¹0
1567 1833 1669 1888 ⁰¹¹¹nil·
1682 1830 1780 1901 θώων
1794 1848 1858 1904 ‘lum
1876 1832 1928 1888 ¹¹¹¹·

310 1927 611 2000 rendoequsoolomitotes
622 1941 652 1978 oe
666 1934 764 1996 stroqes
779 1924 906 1993 utrimque
917 1932 1037 1992 orcepttc.
1130 1927 1194 1983 dnm
1208 1942 1223 1983 a
1238 1927 1369 1983 societate
1383 1925 1552 1992 deiecerant,
1568 1927 1651 1997 capit,
1668 1925 1820 1999 recipitque
1835 1942 1930 1998 qnam-

311 2022 390 2095 Apud
400 2021 652 2077 Atlreniensesrero
661 2031 724 2073 cum
732 2015 930 2072 diodomestiea
940 2011 1076 2071 discordia
1131 2019 1274 2091 platinas.
1292 2019 1372 2077 assio
1394 2019 1560 2086 Alcibiades,
1586 2020 1676 2092 magni
1693 2018 1816 2076 nominis
1828 2020 1927 2089 lactus,

275 2117 436 2189 agitaretur,
446 2113 604 2171 imminente
612 2111 743 2183 periculo,
755 2111 874 2167 'summa
883 2109 987 2181 imperil
995 2110 1080 2167 adse·
1130 2109 1263 2177 Athenas,
1280 2125 1342 2166 cttm
1358 2110 1540 2167 admiratione
1559 2120 1586 2166 et
1601 2110 1702 2182 gaudio
1721 2111 1857 2174 omnium,
1872 2115 1928 2167 ric·

277 2218 370 2266 natum
383 2206 475 2278 populi
491 2206 630 2263 voluntate
645 2201 941 2274 translertur,¹quippe
955 2201 1077 2260 otiodis·
1132 2214 1175 2261 tor
1195 2204 1359 2276 ingreditur.
1381 2205 1468 2261 Parvo
1487 2215 1549 2275 post
1573 2205 1718 2262 interuallo
1742 2215 1827 2277 anqet
1845 2207 1927 2275 sires,

276 2299 544 2358 cordiaenntrittotur
554 2316 561 2353 :
571 2298 625 2366 ¹at,
641 2295 686 2353 uhi
700 2296 850 2352 necessitas
859 2295 991 2360 incubuit,
1004 2305 1080 2367 post·
1131 2296 1281 2352 exercitum
1302 2297 1324 2330 ¹¹
1338 2295 1510 2368 classemque
1525 2311 1641 2352 numero
1655 2295 1793 2367 provebit,
1819 2312 1928 2352 rursus·

278 2387 1084 2467 positisprit·atiscattsisatqncodiis,incommuneconsnli·
1135 2404 1188 2461 quc
1214 2386 1306 2444 Asiam
1336 2387 1415 2458 petit.
1439 2388 1637 2446 Lacedaemonii
1663 2404 1730 2446 vero
1757 2389 1929 2462 Lysandrum

279 2485 394 2544 tur.Scd
405 2484 564 2556 hoeipsuro,
575 2496 636 2538 eum
651 2479 971 2552 propter¹tnsttarnqend
987 2494 1082 2550 saper·
1131 2482 1241 2550 docem,
1257 2482 1340 2538 classi
1362 2482 1490 2551 belloque
1506 2482 1668 2554 praeliciunt.
1685 2481 1707 2514 ¹¹
1721 2481 1812 2554 Cprtts
1835 2482 1928 2550 ctiam,

279 2579 351 2635 biam
364 2587 393 2634 et
405 2575 560 2648 tyrannicas
573 2573 711 2640 libidines,
726 2572 909 2644 perniciosum
925 2571 1008 2637 loret;
1023 2580 1083 2626 tan·
1133 2575 1204 2631 tilius
1219 2575 1305 2642 barii,
1329 2575 1355 2630 in
1371 2575 1461 2632 locunt
1485 2574 1665 2639 Tissalernis,
1686 2573 1770 2630 ioniae
1785 2574 1930 2647 Lydisque

281 2670 345 2727 dem
359 2667 512 2725 Alcibiades
526 2666 603 2723 exsul
618 2665 652 2721 ab
667 2664 789 2720 exercitu
800 2671 954 2730 revocatur,
966 2664 1080 2720 et⁸dttx
1133 2668 1304 2739 praepositus,
1325 2668 1431 2740 magnis
1453 2681 1502 2724 cos
1523 2667 1620 2739 opibus
1646 2666 1812 2737 auxiliisque
1830 2667 1930 2724 coalir-

277 2761 374 2820 elassis
386 2759 572 2818 constituitur.
587 2759 647 2826 Quo
657 2748 810 2829 comperto,
822 2756 959 2828 principes
970 2757 981 2789 ¹
993 2757 1081 2827 primo
1131 2770 1198 2816 mat.
1215 2764 1236 2796 ¹¹
1252 2759 1395 2833 Lysander
1410 2760 1500 2833 itaque
1515 2759 1666 2818 Alcibiadis
1680 2759 1846 2827 exercitum,
1858 2775 1928 2833 prm-

927 2868 1153 2929 lthEllChllPl
1172 2870 1289 2930 NOTAE.

313 2997 341 3054 Β.
350 2992 455 3050 Μαι.
465 2990 550 3049 Abest
562 3005 579 3046 a
593 2988 759 3061 Luqdbatt.
773 3001 816 3060 pr.
833 2985 938 3045 etColl.
953 2987 1075 3045 Gronov.
1164 2992 1191 3048 t.
1205 2991 1325 3047 insitum.
1338 2992 1554 3065 superscribitur
1562 2993 1589 3052 in
1598 2993 1685 3068 Lugd.
1694 2994 1716 3052 ll
1725 3003 1755 3053 rt.
1764 3011 1808 3069 pr.
1820 3012 1830 3065 ;
1842 3005 1927 3054 teras

278 3067 354 3126 biens
367 3065 470 3122 mavult
479 3078 545 3119 esse.
557 3062 645 3134 Luqd.
657 3060 719 3116 liat.
731 3068 823 3131 quart.
834 3074 909 3127 mos,
923 3060 970 3115 sed
980 3061 1011 3115 ob
1022 3058 1077 3129 his,
1129 3062 1212 3120 habet
1226 3064 1378 3136 inpositam.

279 3139 371 3197 detero
384 3145 419 3192 ιι,
1165 3135 1192 3189 5.
1208 3131 1272 3189 Dux
1285 3136 1375 3191 classis
1397 3137 1573 3193 contunditur.
1598 3137 1684 3205 bugd.
1701 3137 1774 3196 batt.
1789 3149 1848 3198 ires
1868 3154 1927 3198 cum

314 3210 342 3266 9.
361 3209 382 3263 A
421 3205 508 3261 stitus.
529 3202 600 3261 Eud.
618 3200 731 3329 auidam
750 3200 893 3270 impetitus,
915 3200 1000 3272 Lngd.
1016 3201 1077 3258 Bal.
1128 3203 1202 3261 Coll.
1216 3205 1350 3271 Gronov..
1364 3207 1421 3262 dus
1433 3209 1512 3264 classi
1525 3211 1701 3265 corastitaitur.

278 3295 336 3339 sec.
354 3288 382 3336 et
428 3276 602 3350 ltr.,petitos.
644 3289 679 3330 ox
694 3270 974 3346 eliuqitprooufuqit,
990 3272 1078 3345 Lugd.
1165 3275 1193 3331 6.
1208 3274 1309 3331 Primo.
1325 3276 1635 3337 Abestameocodice.

278 3353 339 3410 Bal.
354 3359 443 3422 quart.
587 3392 591 3397 .
979 3392 987 3411 ,
1165 3347 1192 3403 t.
1207 3344 1377 3421 Coqt'tosscnt.
1393 3349 1442 3405 tat.
1457 3352 1541 3421 Aug„
1558 3352 1706 3423 aqitusseat.

316 3424 361 3478 lb.
376 3419 417 3475 Ad
431 3416 608 3486 Tissofsrnern
621 3415 648 3469 ia
664 3411 778 3468 llediom
792 3415 927 3471 cenassit.
943 3413 1080 3488 Thucydi·
1094 3432 1117 3496 C
1168 3419 1196 3474 8.
1210 3417 1353 3474 Commisso
1367 3421 1467 3490 praelio.
1484 3421 1622 3489 llnplicetn
1634 3422 1776 3479 uictoriam
1788 3423 1926 3490 describit,

279 3491 340 3560 des,
351 3492 449 3561 ὑποχω
467 3488 587 3548 ιῖδείσας
595 3486 666 3564 παρὰ
675 3486 789 3560 Treroepi
806 3507 860 3550 rm,
872 3487 1081 3543 melsodductus
1134 3502 1214 3544 unam
1229 3491 1364 3556 atavaletn,
1378 3492 1493 3546 alteram
1510 3502 1680 3557 terrestrem,
1694 3509 1761 3563 quas
1775 3497 1927 3551 Athenien·

281 3562 350 3617 clam
377 3577 405 3614 se
471 3558 645 3625 Tissoferaens
665 3506 1080 3625 confert.L’lntarclrus.Troou·
1133 3574 1177 3616 ses
1196 3560 1230 3614 ad
1244 3561 1368 3631 Cyzicum
1387 3562 1422 3618 de
1434 3561 1578 3632 Spartanis
1592 3572 1773 3634 reportarunt,
1788 3567 1859 3621 duce
1872 3567 1929 3622 illo·

280 3635 356 3760 Ψ
372 3630 451 3721 δ1ῖῷ
465 3629 589 3719 podius
600 3628 728 3716 'aqspdnp
743 3625 802 3689 δοὺς
816 3625 906 3714 lauris
920 3627 986 3702 ὑπὲρ
998 3630 1082 3711 cispa-
1132 3645 1192 3685 rum
1215 3628 1345 3715 llirrdaro·
1359 3633 1511 3718 interiecta.
1534 3633 1686 3705 Xenophon
1707 3636 1744 3718 lib
1761 3651 1771 3718 t
1790 3637 1827 3692 de
1841 3637 1931 3693 liebus

282 3701 1083 3850 illidiitiatablattotartlabt‘btalld
1132 3701 1393 3829 G'dbllallil
1409 3704 1930 3848 illabili‘adalbaldo

283 3861 342 3900 essm
354 3858 483 3901 sonantum
497 3842 583 3896 locunt
597 3838 717 3892 oblatrant.
733 3838 817 3894 Faba.
1169 3843 1213 3898 10.
1233 3841 1382 3900 Perierunt.
1406 3845 1491 3914 Lttgd.
1515 3846 1575 3901 But.
1596 3857 1650 3903 tres
1669 3857 1696 3902 ct
1713 3848 1784 3905 Cnll.
1797 3849 1931 3906 Gronov..

318 3918 364 3972 ll.
385 3913 420 3970 st
441 3913 497 3980 opti
512 3909 608 3983 eloquii
628 3909 724 3980 pratia.
739 3909 817 3965 llelct
830 3910 885 3983 opti
898 3910 1022 3968 Periznn.
1035 3925 1083 3967 co·
1133 3915 1273 3986 perierant.
1289 3915 1350 3970 llos
1366 3915 1393 3969 in
1408 3927 1477 3970 terro
1490 3932 1538 3987 pra
1553 3918 1581 3971 in
1597 3927 1691 3971 terram
1706 3917 1846 3985 Perizon,
1864 3921 1934 3975 sient

282 3984 347 4052 dex,
360 3993 389 4041 at
399 3985 427 4039 ln
440 3983 560 4039 Floreat.
575 3978 674 4051 primo,
684 3995 732 4035 scu
742 3979 863 4046 Lonqoh.
877 3981 939 4037 cod.
953 3983 1082 4039 scribitur
1109 4016 1110 4020 =
1134 3985 1272 4054 aliquanto
1285 3996 1346 4055 post
1358 3986 1384 4039 in
1398 3987 1493 4043 Sicilia
1510 4004 1558 4056 prro
1574 3988 1600 4044 in
1615 3988 1734 4044 Siciliam
1746 3991 1794 4045 ed.
1807 3992 1879 4061 Aug.

283 4067 308 4111 es
320 4057 397 4126 optii,
409 4054 437 4109 ln
459 4053 588 4116 secundo,
601 4059 627 4132 et
638 4050 710 4131 opud
725 4051 839 4120 eloquii,
855 4066 949 4108 serum
970 4053 1019 4122 ibi,
1034 4069 1083 4109 ex·
1172 4056 1215 4110 ll.
1231 4054 1420 4112 Lacedaemonii
1432 4059 1526 4131 petiere
1537 4075 1635 4127 peceat.
1652 4059 1809 4131 Legationis
1820 4062 1857 4116 de
1870 4077 1935 4133 pare

283 4135 386 4196 puncto
398 4123 481 4196 opud,
492 4120 703 4201 superscribitur
716 4122 758 4183 ob,
772 4130 801 4175 ut
813 4124 936 4191 suspicer
948 4138 1083 4194 reponen—
1135 4125 1256 4182 Athenas
1270 4129 1360 4183 nrissm
1374 4130 1500 4199 princeps
1520 4131 1569 4184 luit
1591 4130 1692 4184 lindius
1707 4148 1713 4185 ε
1730 4131 1849 4188 Athenis
1871 4149 1934 4188 mro

243 4261 248 4266 ι
284 4198 353 4280 dum·
367 4208 440 4261 esse,
461 4202 485 4247 et
503 4193 535 4247 ob
555 4194 652 4261 eloquar
673 4191 796 4258 pretium,
819 4192 876 4260 uel,
897 4201 921 4247 et
941 4195 973 4247 ab
988 4195 1083 4266 eloquii
1133 4197 1273 4323 gleoplron
1287 4197 1407 4257 mraxime
1419 4204 1476 4270 paci
1488 4199 1682 4271 impedimento
1693 4201 1754 4257 init.
1769 4204 1843 4275 Lege
1856 4205 1933 4259 blod.

304 4276 381 4321 rotro.
1158 4284 1218 4324 ann.

285 4284 366 4394 911.
387 4335 473 4390 lueet.
495 4332 563 4389 Edd.
587 4339 654 4388 rest.
678 4332 813 4403 quedam,
836 4333 986 4406 odjuooret,
997 4336 1080 4404 jobet,
1171 4340 1215 4394 12.
1237 4341 1404 4413 Syracusano
1417 4342 1550 4414 presidia.
1565 4341 1631 4397 Post
1642 4341 1857 4403 Atheniensium
1881 4350 1935 4404 cla·

287 4418 341 4465 ete.
363 4407 427 4462 llss.
448 4404 533 4475 and.
549 4404 619 4458 Batt.
635 4418 689 4470 pr„
712 4418 759 4458 sec
774 4444 782 4469 ,
799 4415 875 4486 tert,
891 4421 952 4462 curn
968 4406 1037 4463 Uitr.
1054 4418 1083 4463 et
1134 4408 1196 4464 dem
1213 4411 1239 4465 in
1253 4411 1358 4480 Sicilia,
1369 4412 1497 4483 AEgestaei
1512 4413 1933 4490 sociiAtlunirnsiunr.pressis

285 4477 498 4541 (ioll.Gron0r.,
512 4475 754 4547 addecimamus
767 4485 863 4546 potrus,
876 4485 927 4532 etc.
943 4476 1083 4548 inquibus
1134 4479 1293 4540 Selintmtiis
1312 4491 1339 4539 ct
1361 4483 1551 4555 Syraciisanis,
1573 4500 1652 4555 opem
1667 4499 1682 4539 a
1696 4485 1933 4560 Carthaginiensi-

279 4550 358 4620 jubet
370 4565 403 4606 er
418 4547 519 4618 duplici
534 4547 668 4617 scriptura
690 4545 726 4601 ib.
739 4548 812 4618 juset
827 4558 918 4601 natum
932 4557 985 4614 est,
998 4548 1083 4605 odiret
1136 4551 1186 4606 lans
1200 4557 1336 4622 petierunt
1353 4573 1358 4607 :
1377 4555 1458 4623 hique
1481 4554 1535 4610 illis
1546 4556 1704 4625 presidium
1716 4574 1782 4614 cum
1796 4561 1933 4618 Annibale

283 4622 416 4762 {iiiii
429 4617 685 4758 ltlatflllllb
702 4615 949 4744 llllhllilll
963 4623 1083 4746 {llll}
1134 4620 1931 4762 libiliillibabilisilliilitltibli

283 4761 365 4834 liquis
386 4770 415 4817 ct
435 4729 552 4824 trissino,
571 4758 641 4828 apud
654 4775 746 4831 quem,
766 4759 812 4812 sed
825 4775 870 4813 nco
883 4760 989 4815 orrailiis
1002 4763 1080 4817 rainois
1135 4774 1244 4836 serant,
1273 4764 1384 4821 domum
1411 4775 1585 4823 revocarunt.
1613 4734 1766 4840 lletrophon
1791 4783 1824 4828 et
1852 4721 1930 4830 Dilodn.

283 4836 357 4890 saise
375 4831 584 4887 Lacedaemonius
601 4830 724 4885 'aooodos
737 4843 747 4882 .·
762 4830 881 4886 retinere
898 4831 1004 4901 jubent.
1131 4831 1216 4889 Faba.

320 4905 365 4960 15.
380 4902 567 4985 llesrrsorrdos.
581 4848 665 4968 titur,
677 4898 827 4955 servandos.
1024 4974 1030 4986 ι
1168 4905 1212 4961 15.
1233 4905 1417 4988 cedibusque.
1433 4905 1479 4964 sto
1493 4921 1560 4963 mss.
1583 4908 1681 4980 vulgati
1694 4950 1701 4977 ,
1715 4912 1847 4970 matous.
1861 4916 1933 4985 Qni-

319 4974 363 5030 il.
377 4973 724 5045 stipatquestipatque
737 4969 1077 5042 heneeosensuorosnts,
1132 4973 1193 5029 dant
1210 4991 1273 5033 ntox
1288 4989 1381 5050 ettam,
1396 4979 1531 5050 urbeque.
1546 4981 1613 5036 [lein
1629 4994 1694 5036 mss.
1708 4983 1852 5056 plerique,
1864 5005 1932 5043 rece·

283 5061 338 5129 quo
349 5044 475 5099 meliores
485 5042 633 5112 scriptores
642 5039 731 5097 Latiui
741 5040 926 5110 repudiarunt.
940 5043 1079 5101 Proauxl-
1130 5049 1229 5117 piique.

282 5116 327 5172 luis
338 5115 410 5169 enim
423 5111 601 5194 usurpat3Sic
611 5125 692 5194 sopra
703 5123 764 5179 cap.
777 5112 830 5168 ll:
844 5111 879 5169 Ut
889 5113 1017 5186 suliroqio
1029 5132 1078 5172 suo
1168 5119 1212 5174 ld.
1234 5117 1280 5176 Sic
1291 5117 1438 5177 Alcibiades
1450 5121 1538 5192 mopai
1550 5122 1673 5179 nominis.
1687 5121 1870 5195 llaqnidcnm
1884 5129 1931 5184 Al·

282 5193 308 5240 et
319 5184 347 5237 lai
359 5184 473 5238 tinemut
486 5184 532 5253 qui
545 5198 581 5236 tm
601 5190 759 5266 etrorrssent.
778 5251 793 5266 ..
1131 5187 1247 5245 eibiadis
1261 5189 1378 5246 reditum
1399 5193 1426 5247 in
1442 5193 1559 5263 patriam
1581 5202 1679 5262 praeter
1699 5192 1929 5270 Xenophontem,

316 5255 383 5310 cae.
398 5252 467 5308 Alli.
483 5281 518 5295 ·-
531 5254 556 5307 l.
593 5268 681 5307 ummo
692 5267 795 5334 imperas
806 5254 841 5306 od
853 5253 979 5310 Senatum
991 5264 1078 5312 troas·
1132 5258 1281 5315 Diodorum
1297 5271 1324 5316 et
1339 5259 1444 5319 Plutar.
1460 5262 1592 5319 describit
1606 5263 1730 5320 lustinus
1744 5268 1796 5323 tib.
1814 5286 1843 5327 r.

281 5328 374 5399 serim.
394 5323 535 5392 Quonmdo
553 5338 657 5378 summa
678 5323 785 5392 imperta
806 5324 841 5381 ad
863 5336 986 5382 senatum
1009 5342 1077 5399 qua·
1164 5329 1210 5385 lb.
1231 5329 1397 5403 classemque
1419 5349 1527 5388 aaarrrero
1545 5334 1669 5403 procebis.
1693 5335 1929 5398 Numeroadrer-

280 5392 638 5475 dringentornmvhominnm
655 5394 784 5451 translata
799 5392 891 5462 luerit,
908 5397 971 5452 item
983 5397 1018 5453 de
1032 5415 1078 5455 re·
1131 5398 1204 5454 bium
1219 5401 1262 5456 lde
1274 5413 1317 5457 est
1332 5417 1382 5472 pro
1394 5403 1522 5470 celeriter
1538 5422 1545 5460 a
1560 5414 1607 5460 aut
1625 5414 1701 5463 certe
1714 5409 1816 5469 classis
1832 5429 1929 5471 nunte-

278 5469 337 5524 ditn
361 5462 528 5530 Alcibiadis,
553 5467 663 5534 copiose
684 5464 866 5534 Thucydides,
890 5466 1025 5526 Diodorus
1047 5480 1077 5526 et
1129 5468 1273 5535 ruedeest.
1292 5471 1375 5529 Ltnr.

278 5537 440 5597 Plutarchus
454 5534 521 5591 locis
534 5535 632 5591 citatis.
645 5534 729 5593 Fara.
1163 5539 1207 5596 16.
1228 5539 1312 5613 Gyras
1326 5545 1413 5610 etiam,
1438 5545 1511 5613 filins
1530 5543 1617 5602 dorii.
1633 5547 1721 5618 l'nlqo
1737 5553 1812 5625 arrpt
1831 5567 1928 5612 erroro

311 5611 341 5666 2.
359 5609 430 5665 litio.
445 5606 531 5678 Lagd.
546 5605 604 5661 Bat.
620 5615 686 5670 tres,
702 5610 773 5673 odio,
784 5605 891 5666 vitiose.
1127 5609 1236 5681 legitor,
1253 5611 1336 5684 Cyrus
1349 5625 1445 5678 autent,
1461 5616 1543 5687 frater
1557 5616 1642 5673 Darii.
1656 5619 1743 5678 Fano.

313 5683 341 5738 b.
361 5681 396 5736 dt
416 5679 461 5736 ubi
480 5677 628 5734 necessitas.
646 5676 733 5748 Lngd.
753 5678 823 5733 batt.
845 5686 901 5735 tres
918 5692 981 5735 com
1000 5676 1071 5736 Coll.
1163 5682 1208 5738 t't.
1229 5681 1363 5752 Lysander
1382 5686 1469 5756 itaque
1490 5687 1645 5745 Alcibiadis.
1667 5689 1735 5749 llaec
1756 5692 1857 5751 clades
1879 5696 1926 5753 ab·

275 5753 395 5811 Gronov.
415 5761 442 5809 at
462 5751 565 5824 delent,
591 5751 746 5827 teguntque,
769 5749 863 5821 positis
882 5749 991 5825 priuatis
1005 5766 1070 5808 cort·
1125 5760 1201 5808 sente
1221 5754 1369 5818 Alcibiade,
1394 5755 1534 5823 Antiochi,
1556 5773 1639 5828 quem
1661 5762 1746 5821 classi
1782 5737 1923 5825 raelec’erat

272 5827 318 5897 pq,
334 5832 388 5888 ese,
958 5863 961 5868 -
1125 5823 1411 5901 temeritatc,aecepta
1430 5825 1490 5887 luit.
1510 5826 1639 5906 Xenopb.
1652 5831 1704 5894 lib.
1719 5849 1741 5909 s,
1760 5779 1845 5898 Bion.
1864 5851 1920 5909 ato,
