4192 6434
268 437 321 499 tlt
775 420 891 485 tietb
910 420 1002 482 tucn
1020 415 1151 478 bsxtnt
1168 415 1376 478 cunoblcbrt.
1866 405 1921 469 tto

266 553 302 610 Δ.
320 548 353 608 C.
371 547 417 608 54.
432 542 573 617 Τεείριιοιι
584 541 613 600 in
628 540 730 600 Batica
743 540 814 597 urbe
827 535 959 609 Vergilia,
975 535 1076 602 bastae,
1087 530 1176 605 Osca,
1193 533 1220 590 in
1236 531 1352 605 aliisque
1366 527 1480 588 urbibus
1499 523 1587 601 prima
1599 523 1668 599 iecit
1681 522 1745 586 reli·
1762 523 1796 583 Α.
1815 522 1851 582 ll.
1867 523 1921 584 libb

484 636 744 712 gionistristianse
758 633 946 689 fundamenta.

359 740 405 797 st.
442 735 548 793 floron
563 726 920 800 secundissimorum,
936 721 1059 780 nonnulli
1069 723 1121 779 sub
1134 722 1226 790 dioto,
1243 719 1361 778 Neronis
1371 717 1478 792 judice,
1492 715 1557 774 dum
1577 713 1612 773 ad
1629 711 1775 773 concilium
1855 710 1921 772 808.

860 840 1007 899 stituit
1025 835 1310 899 COMMENTARIUS.

271 952 322 1012 sub
336 949 396 1023 eius
410 942 592 1006 sectatoribus
607 939 695 1008 clade,
714 939 853 1011 leguntur,
869 952 933 1009 quae
945 937 1008 1008 quia
1032 936 1068 993 de
1081 936 1107 1000 Α
1119 935 1229 994 diuersa
1245 935 1283 1019 ab
1303 948 1347 1018 eat
1366 930 1525 1018 Quinimmo
1550 929 1685 1003 hodieque
1705 927 1760 1015 duo
1774 926 1875 1015 oppida
1891 926 1922 986 ln

268 1026 355 1082 rerbo
368 1023 402 1079 atl
424 1020 538 1079 uerbum
554 1033 569 1071 a
592 1015 624 1070 b.
639 1012 777 1070 Caeciliae
793 1018 871 1067 textu
892 1010 1026 1065 llebraloo
1040 1008 1069 1064 in
1123 1022 1171 1065 ora
1184 1021 1267 1063 maras
1281 1006 1375 1062 Baebcr
1390 1016 1444 1061 sita
1456 1011 1582 1071 exstant,
1600 1018 1688 1087 prope
1698 1018 1729 1060 se
1740 1016 1857 1060 rnvtcem
1873 1017 1923 1073 po·

270 1098 421 1167 liispanum
433 1092 534 1148 idioma
549 1087 677 1144 translata
690 1091 765 1149 sunt,
780 1081 993 1152 minuspolitam
1008 1094 1072 1135 ora·
1123 1081 1192 1147 sita,
1219 1087 1248 1135 et
1262 1094 1316 1134 non
1341 1078 1422 1145 longe
1449 1076 1484 1132 ab
1507 1074 1643 1141 lllmerra,
1668 1090 1786 1146 quorum
1803 1074 1921 1159 ¹alterurn

269 1171 373 1224 tionem
388 1164 514 1222 reddunt.
530 1157 688 1227 Propbetia.
703 1155 725 1211 A
740 1152 778 1210 los
797 1154 846 1208 scis
866 1153 947 1227 siglas
965 1151 1071 1208 renidet
1126 1149 1223 1215 Vetas,
1244 1150 1360 1206 alterum
1383 1148 1480 1216 Adero,
1506 1155 1690 1228 nuncupatur.
1713 1146 1824 1230 Vocautt
1840 1157 1922 1218 agitur

271 1241 304 1295 de
315 1256 347 1294 ιιι
367 1235 572 1295 Αάιειιὶιιιιειιιο,
588 1244 637 1299 por
651 1227 778 1296 percutior
800 1241 903 1297 grates,
919 1240 968 1294 que
985 1238 1071 1277 come·
1123 1221 1289 1279 Ptolomaeus
1306 1220 1460 1295 Vergilium,
1476 1234 1559 1290 quam
1573 1229 1666 1300 caeleri
1681 1216 1763 1302 l'erqt
1777 1216 1920 1288 dixerunt,

269 1311 427 1366 tidossermt
460 1303 620 1360 timellosse
642 1298 799 1354 lainatorcn
819 1314 850 1351 en
870 1295 909 1351 las
925 1293 1072 1349 orientales
1123 1292 1264 1364 nisiquod
1285 1293 1366 1348 situm
1393 1292 1463 1363 ejus,
1477 1291 1566 1370 quoad
1578 1288 1752 1373 .¹³.¹¹¹¹¹d.¹¹¹‘.¹'¹
1771 1304 1827 1346 nou
1851 1288 1922 1347 bena

271 1389 371 1454 partes,
386 1346 459 1451 gpdr
474 1375 513 1432 ias
527 1370 705 1428 occidentales
716 1384 743 1424 te
757 1367 909 1450 estendcrtn
924 1383 972 1437 por
982 1366 1073 1419 nrint't·
1123 1366 1261 1447 cognitum
1288 1362 1398 1448 babuit;
1430 1375 1493 1446 nam
1520 1360 1623 1486 lefrlra
1662 1360 1796 1486 srgmAltcat
1825 1361 1922 1418 urbem

273 1464 327 1578 ιι
343 1439 886 1583 illllttll‘sil,illaesibilis
899 1436 1072 1579 ιιιιιι
1123 1433 1603 1578 latialiter.talibas
1616 1431 1923 1576 attractatam

275 1594 391 1649 ilcestre
404 1608 420 1662 g
434 1607 465 1644 ιιι
487 1585 512 1640 F
513 1604 526 1640 e
563 1584 589 1641 id
611 1592 662 1651 est,
679 1583 708 1640 S.
725 1581 831 1651 iacobi)
845 1596 934 1653 graues
948 1594 1072 1648 persecu·
1123 1585 1365 1649 argumentosum
1381 1585 1421 1634 tol
1433 1577 1572 1643 ciuitates,
1588 1576 1661 1658 quod
1674 1589 1704 1657 ea
1719 1590 1788 1657 ”⁰⁰
1807 1577 1924 1661 insigne.

272 1667 360 1720 cioner
374 1658 528 1735 padectrun.
549 1587 597 1712 iol
616 1653 847 1710 Commentariun
870 1651 993 1706 adbibnit
1011 1664 1074 1719 per·
1126 1657 1159 1703 tar
1172 1648 1284 1704 luerunt
1298 1649 1325 1704 in
1338 1649 1479 1718 llispania,
1495 1647 1613 1714 lllbcrri,
1626 1646 1695 1712 lltct,
1711 1644 1827 1720 baurgs,
1842 1646 1921 1720 lima,

270 1737 355 1807 polita
367 1732 460 1805 plrrasi
470 1729 588 1796 llispana
601 1727 628 1780 in
640 1726 697 1781 baec
708 1724 792 1779 rerba
807 1741 814 1775 :
843 1721 986 1776 Aireuiudo
996 1722 1074 1775 elcan
1123 1718 1232 1788 ilipula,
1246 1719 1399 1784 Herculeis,
1413 1719 1540 1780 llurbida,
1562 1718 1661 1784 llerda,
1677 1732 1738 1788 quae
1751 1734 1766 1773 a
1782 1728 1860 1791 parte
1874 1735 1924 1776 an·

270 1803 453 1863 inardescis
471 1808 557 1855 centos
577 1797 686 1867 despuas
704 1794 746 1848 dei
760 1795 903 1858 Sclocdor,
917 1791 1017 1846 oetrdrc
1039 1791 1072 1846 tie
1125 1792 1219 1846 teriori
1241 1791 1469 1862 compositionem
1496 1789 1544 1858 lte,
1570 1790 1673 1847 babent
1692 1807 1698 1842 ι
1723 1789 1784 1845 aliae
1798 1804 1923 1848 autema

273 1876 314 1934 los
328 1874 477 1932 morudores
503 1867 650 1923 orientales
663 1883 699 1920 ιιι
721 1881 777 1936 reg,
800 1863 997 1930 enderrrom'odo,
1013 1879 1074 1933 pro·
1124 1863 1270 1932 posteriori
1285 1871 1315 1917 ut
1327 1862 1445 1932 Bilbilis,
1467 1861 1601 1930 Hispalis,
1616 1859 1723 1926 Sacilis,
1739 1861 1855 1930 Bromie,
1871 1864 1924 1920 Af.

274 1948 353 2022 pltettt
367 1946 401 2001 de
413 1944 453 1998 los
466 1940 558 2015 scitos,
571 1954 619 2008 que
632 1954 681 2008 por
695 1936 832 2006 petendos,
852 1952 868 2006 g
883 1935 974 2006 talpas
988 1933 1020 1988 de
1032 1934 1074 1989 lat
1124 1934 1213 2000 cialis,
1230 1944 1258 1989 et
1272 1935 1388 2002 similes,
1402 1950 1417 1990 e
1436 1949 1554 1998 quorum
1571 1946 1685 1989 numeru
1699 1942 1763 2001 puto
1778 1947 1840 1989 esse
1853 1933 1923 1991 Ver·

275 2029 375 2090 gentes,
399 2030 448 2087 por
488 2011 610 2065 ermision
632 2008 673 2063 ciel
697 2007 781 2062 Senot
804 2008 908 2061 citismo
931 2005 1070 2078 poderotd.
1124 2005 1237 2129 gilium,
1253 2020 1302 2061 seu
1321 2005 1412 2088 potius
1429 2004 1530 2133 Vergili
1545 2014 1574 2060 ut
1590 2005 1714 2087 idem-sit
1734 2003 1807 2076 quod
1834 2003 1925 2090 vemt.

274 2089 324 2176 §Bt
337 2088 396 2143 beo
410 2085 454 2156 qui
475 2098 518 2139 em
539 2082 612 2136 cirea
631 2093 732 2135 annum
746 2078 800 2134 644
813 2092 868 2146 quo
882 2076 1073 2133 llacbometus
1142 2074 1173 2141 lr,
1189 2075 1215 2131 td
1231 2085 1282 2146 est,
1297 2076 1377 2148 ilergr
1389 2075 1464 2131 urbs.
1503 2087 1646 2148 rgumento
1661 2086 1848 2145 mquamsunt
1861 2088 1924 2135 rste

273 2176 303 2218 ru
318 2158 474 2228 llispaniam
491 2161 559 2210 teste
573 2151 678 2207 lsidoro
693 2149 722 2205 in
735 2147 872 2205 Chronico
884 2147 1072 2220 grassabatur,
1125 2148 1263 2213 ciuitates,
1285 2149 1356 2214 quoti
1372 2147 1409 2203 lli
1434 2149 1583 2219 priscorum
1600 2149 1780 2216 llispanorum
1793 2162 1861 2204 voce
1876 2164 1924 2205 ur.

275 2227 443 2300 contigere.)
455 2225 571 2282 lnlerios
593 2223 629 2278 de
642 2223 698 2277 suis
715 2221 836 2292 loquitur
851 2221 901 2286 sie,
922 2220 968 2291 qui
983 2229 1074 2276 tamen
1125 2217 1188 2274 bem
1202 2218 1355 2289 significan
1375 2219 1438 2291 quia
1453 2234 1517 2275 cum
1532 2220 1573 2276 eis
1587 2221 1661 2275 verrit
1682 2217 1709 2273 in
1731 2220 1924 2277 communissi-

276 2317 351 2359 anoo
364 2303 429 2356 tlt.
445 2298 603 2367 llispaniam
618 2292 772 2363 depopulati
787 2299 851 2348 sunt
866 2306 874 2344 ι
893 2291 977 2346 Seuer
992 2306 1073 2345 eurum
1126 2304 1198 2344 mam
1218 2291 1444 2360 compositionem
1463 2309 1470 2346 ι
1487 2306 1538 2346 neo
1551 2290 1623 2347 euim
1638 2290 1694 2345 alio
1708 2288 1847 2374 ducimur,-
1857 2307 1923 2348 cum

276 2374 384 2428 ntucltos
398 2370 505 2442 pacilus
520 2365 597 2421 desae
613 2364 719 2418 Oriente
730 2363 807 2416 lrnrtc
819 2362 843 2418 ei
861 2361 1000 2430 Poniente,
1016 2378 1033 2433 g
1047 2379 1075 2418 se
1089 2329 1113 2391 B
1127 2360 1319 2418 existimamus
1333 2377 1441 2427 vocem,
1456 2360 1548 2435 Briga,
1569 2363 1656 2432 prisca
1672 2360 1809 2434 llispaniae
1830 2363 1924 2434 lingua

276 2457 443 2500 accrementa
464 2441 503 2494 lot
517 2435 640 2492 ct'udtdes
656 2434 843 2489 ntumtimatde
855 2433 984 2503 Espamm
1003 2450 1076 2504 ger·
1125 2433 1265 2488 civitatem
1291 2432 1461 2504 significare,
1477 2433 1529 2490 nisi
1552 2434 1615 2504 quia
1634 2433 1661 2488 in
1680 2434 1857 2505 plurimarum
1873 2448 1926 2490 no·

277 2529 399 2572 carerem
414 2526 490 2567 acon
503 2526 547 2563 sus
558 2506 678 2562 tirricblus
691 2506 717 2560 le
730 2505 774 2560 latr
784 2505 817 2559 de
831 2505 857 2560 lu
870 2514 947 2560 santa
962 2502 1075 2576 lglesic,·
1125 2504 1302 2559 menolaturis
1319 2503 1427 2560 urbium
1453 2519 1514 2560 eant
1538 2505 1710 2574 reperimus,
1739 2509 1834 2574 quales
1857 2513 1924 2563 sung

275 2603 339 2659 gau
349 2585 404 2640 alto
417 2583 520 2637 nicatur
530 2578 658 2651 poderem
670 2574 738 2631 dela
749 2591 808 2629 mar
818 2575 1075 2646 destupersecucicn,
1126 2574 1334 2646 AugustaBriga,
1352 2575 1498 2646 Deobriga,
1514 2574 1675 2647 Iuliobriga,
1690 2575 1848 2648 Talabriga,
1864 2578 1925 2632 cte.

275 2673 327 2730 qrte
350 2655 509 2710 olccrrmrcn
543 2667 560 2721 g
597 2647 801 2717 conlprenderan
836 2649 942 2702 mucias
969 2654 1074 2718 gentes,
1126 2646 1243 2716 tobriga,
1257 2646 1418 2716 Lacobriga.
1433 2657 1486 2704 etc.
1503 2645 1592 2714 Quare
1607 2663 1668 2704 eum
1685 2648 1784 2704 Bexter
1804 2649 1863 2714 ait,
1889 2647 1922 2706 b;

276 2741 415 2799 querceco
436 2721 572 2782 abatidcs,
597 2736 614 2791 g
635 2718 772 2790 urrojadus
797 2734 845 2772 con
868 2718 1076 2788 menosprecios,·
1126 2716 1320 2788 'l'esipbontenr
1345 2717 1509 2787 praedicasse
1534 2719 1561 2773 in
1585 2717 1692 2775 Beticte
1707 2717 1774 2774 urbe
1789 2717 1923 2790 Vergilia,

279 2799 365 2854 dende
380 2803 465 2851 estare
479 2795 503 2848 el
516 2790 689 2860 suprimiento
710 2789 743 2844 de
758 2787 797 2843 los
816 2799 914 2845 santos.
932 2789 999 2846 lllde
1013 2804 1076 2860 quac
1126 2787 1198 2842 idern
1211 2788 1323 2844 denotat
1335 2790 1408 2860 quotl
1423 2789 1615 2862 Martyrologia
1629 2793 1741 2845 nomine
1753 2788 1845 2862 Vergi.
1857 2791 1925 2848 llaec

279 2869 331 2924 bae
345 2868 380 2923 de
392 2881 422 2921 re
434 2864 547 2934 scripsit
558 2857 713 2917 Bernartius
733 2860 767 2916 de
782 2860 914 2917 Alderete
929 2866 1005 2915 tanto
1015 2861 1076 2917 viro
1125 2872 1192 2912 vero
1206 2860 1270 2916 urbs
1285 2875 1339 2915 non
1353 2868 1395 2916 cst
1409 2860 1537 2928 Abdera,
1559 2861 1623 2916 licet
1638 2876 1723 2933 prope
1736 2876 1796 2917 eam
1812 2863 1857 2932 sit,
1871 2861 1925 2920 setl

278 2938 361 3009 digna
375 2937 424 2993 lib.
436 2952 467 3004 ιι,
481 2949 541 3003 cap.
558 2932 602 2987 49.
618 2931 687 2999 Quis
696 2940 847 2988 autemnon
865 2932 957 2988 videat
972 2942 1075 2988 textum
1128 2927 1243 2997 Weratt,
1260 2932 1339 3003 euius
1351 2942 1432 3001 caput
1447 2947 1519 2988 nunc
1532 2941 1573 2989 est
1587 2933 1726 2999 blmeri23
1742 2934 1926 3011 quartidetur

279 3011 358 3066 illum
372 3006 434 3064 inb
453 3005 575 3077 ocalppsi
587 3003 620 3059 b.
633 3002 745 3059 loannis
759 3018 812 3058 non
824 3002 1076 3069 exstareliloando
1126 2998 1153 3055 in
1174 3001 1262 3058 locum
1286 3004 1405 3071 anuqme
1420 3002 1516 3072 ilergis
1536 3004 1694 3070 substituta,
1714 3020 1768 3076 quo
1789 3004 1924 3063 nimirum

278 3093 372 3137 autem
387 3079 420 3134 D.
452 3092 555 3135 oannes
570 3074 705 3145 ejusmodi
724 3075 894 3145 prophetiam
915 3075 1074 3145 scripserit;
1126 3071 1312 3130 Almerionses
1331 3074 1496 3139 eires-dum
1520 3075 1669 3131 succedunt
1688 3076 1715 3131 in
1727 3075 1924 3146 juributanti·

278 3151 427 3208 relutrum
441 3147 572 3214 alterius,
595 3147 624 3202 S.
649 3146 762 3202 loannis
789 3145 880 3214 luerit,
909 3161 963 3201 non
979 3145 1075 3217 liquet.
1126 3157 1187 3212 quae
1208 3145 1356 3201 nobilitatis
1371 3145 1591 3214 ilergiuauorum,
1619 3145 1734 3204 induant
1748 3160 1856 3219 quoque
1872 3147 1924 3204 de·

278 3223 378 3294 Liquet
395 3231 486 3277 tamen
511 3234 566 3275 non
591 3217 682 3272 omnia
706 3218 891 3285 apostolorum
913 3216 1014 3287 scripta
1028 3233 1076 3273 su·
1125 3214 1263 3272 notionem
1280 3232 1341 3286 erga
1364 3226 1505 3286 patronum
1522 3232 1601 3272 suum
1616 3216 1826 3288 Tesipbontem,
1841 3233 1924 3277 eum-

276 3307 391 3366 peresso
413 3291 441 3349 io
469 3289 686 3347 authenticorum
710 3287 843 3344 libromm
871 3287 974 3355 iodice;
1010 3304 1074 3347 nam
1125 3299 1178 3354 que
1190 3287 1228 3342 uti
1242 3288 1321 3345 talem
1333 3288 1454 3360 impense
1465 3296 1639 3345 venerentur,

162 3410 164 3421 .
277 3374 310 3421 ut
332 3365 455 3421 omittam
469 3376 565 3419 omnes
586 3359 724 3430 apostolos
739 3358 809 3414 baud
824 3357 937 3414 dubium
953 3359 1075 3430 discipu·
1161 3356 1265 3415 Debent
1288 3359 1381 3415 itidem
1407 3360 1432 3414 ei
1456 3359 1544 3431 prima
1564 3358 1704 3430 religionis
1723 3373 1755 3417 ac
1774 3359 1839 3419 litlei
1863 3379 1923 3420 sue

276 3434 320 3491 los
332 3435 461 3490 absentes
474 3432 582 3502 scriptis
596 3430 761 3485 instruxisse
773 3431 841 3494 suis,
854 3438 882 3484 et
898 3429 1073 3490 nibilominus
1124 3425 1300 3487 fundamenta
1316 3429 1407 3497 Basta,
1424 3440 1452 3486 et
1464 3430 1535 3486 Osca
1552 3430 1637 3504 (nunc
1654 3430 1767 3495 Barcaei
1788 3432 1921 3507 litator)

276 3519 428 3575 paucorum
446 3510 554 3558 exstare
567 3501 712 3568 epistolam
728 3507 759 3553 ut
771 3501 913 3555 minimum
928 3501 1071 3569 epistolam
1124 3498 1151 3552 in
1164 3501 1267 3558 Baetice
1282 3516 1329 3558 seu
1351 3500 1514 3558 Granatensi
1536 3517 1619 3573 regno
1636 3502 1805 3576 constitutae,
1823 3514 1853 3561 et
1864 3522 1920 3564 non

276 3589 308 3631 se
327 3576 470 3644 scripsisse
484 3570 706 3635 Laodicensibus,
720 3568 779 3639 ipse
798 3568 899 3625 Paulos
920 3571 954 3627 ad
975 3572 1072 3629 colos·
1124 3566 1203 3640 longe
1225 3572 1298 3629 inter
1317 3587 1348 3629 se
1371 3573 1516 3640 distantes,
1538 3573 1643 3631 nobiles
1663 3588 1740 3643 sane,
1756 3578 1922 3649 etantiquae

277 3644 793 3710 ”¹¹⁸⁰ss⁵⁶15b0ss82¹0⁸¹i¹⁰l‚⁰²l)·¹lr
819 3650 848 3696 et
869 3640 928 3697 bace
939 3642 1070 3713 deperiit;
1123 3640 1218 3697 urbes.
1237 3643 1270 3699 Et
1281 3644 1391 3715 quidem
1407 3660 1420 3698 a
1434 3644 1515 3701 Basta
1540 3643 1605 3700 dicti
1621 3653 1685 3700 sum
1696 3645 1760 3702 olim
1779 3646 1920 3704 Bastetani

276 3717 320 3774 rel
334 3722 445 3787 recepta
470 3715 498 3769 in
517 3712 628 3769 Canone
650 3726 704 3766 nou
719 3710 864 3837 esliffllod
879 3712 993 3769 dixerim
1010 3729 1072 3785 pro·
1085 3701 1109 3772 C
1124 3713 1227 3783 populi,
1240 3729 1287 3771 seu
1298 3716 1440 3771 Bassetani
1454 3731 1469 3771 a
1483 3716 1578 3785 Bassa,
1595 3717 1678 3772 utalii
1689 3717 1829 3844 legebant.
1840 3719 1922 3790 Quod

277 3797 339 3860 pter
352 3802 425 3851 eam,
441 3798 522 3856 quam
535 3783 628 3840 sixtus
641 3782 769 3839 Senensis
818 3792 869 3838 ert.
886 3784 1071 3857 Praeterquam
1124 3784 1553 3858 vetusBastasitBtrcreccns,
1578 3788 1697 3845 ostendit
1728 3788 1923 3848 octedmbro·

296 3858 349 3916 uod
363 3858 387 3914 si
400 3857 434 3914 do
448 3854 599 3927 propbetiis
622 3853 775 3925 loquamur,
791 3862 895 3910 certum
920 3866 963 3911 est
985 3859 1072 3915 nrulta
1121 3853 1305 3914 siusltlorales
1316 3857 1364 3913 lib.
1385 3875 1402 3913 x
1421 3859 1491 3914 llist.
1510 3857 1586 3928 liisp.
1604 3875 1667 3930 cap.
1682 3861 1727 3917 δι.
1741 3859 1821 3918 Circa
1835 3863 1920 3920 situm

289 3931 362 3986 uisse
376 3930 495 3985 revelata
509 3925 612 3982 sanctis
629 3924 761 3996 apostolis
775 3925 810 3981 de
826 3925 925 3982 tuturis
939 3925 1071 3986 Ecclesiae
1121 3926 1198 3983 Baete
1213 3929 1322 3984 Breticoe
1336 3929 1439 3985 fallitur
1452 3929 1627 4001 Ptolomeus,
1643 3930 1708 3986 dum
1721 3945 1781 3988 eam
1797 3933 1875 4004 ponit
1890 3936 1919 3992 in

275 4000 414 4065 cladibus3
429 4007 460 4054 ut
481 4006 523 4053 est
544 3995 611 4052 illud
625 3995 649 4051 ll
669 3997 704 4051 ad
717 3995 837 4052 'limotb
863 4012 890 4052 ιι
905 4013 913 4052 :
929 3998 985 4052 Brit
1001 4001 1070 4055 enim
1121 3995 1297 4067 Turditanis,
1324 4001 1394 4056 ultra
1418 3999 1518 4056 fretum
1542 4000 1718 4068 Gaditanum,
1740 4020 1801 4058 cum
1824 4013 1919 4064 tauten

276 4078 377 4138 tcmptts
386 4084 444 4123 cum
457 4083 551 4122 autrum
561 4067 705 4120 doctrinam
719 4083 770 4122 non
784 4068 955 4136 sustinebunt,
968 4079 1022 4126 etc.
1035 4072 1071 4129 Et
1120 4069 1172 4124 sila
1187 4070 1224 4124 sit
1238 4073 1305 4127 citra
1321 4071 1480 4138 Granatam,
1498 4073 1575 4142 juata
1591 4072 1700 4128 Bazam.
1714 4073 1765 4129 Est
1775 4073 1829 4130 alia
1840 4077 1920 4147 ejus·

277 4141 347 4196 alias
360 4153 468 4209 quoque
480 4136 666 4207 lipooalypses
682 4137 743 4191 aliis
767 4137 850 4193 luisse
864 4140 999 4196 revelatas
1014 4150 1070 4198 tcs-
1120 4140 1181 4195 dem
1197 4144 1317 4198 nominis
1331 4145 1396 4200 urbs
1418 4146 1444 4198 in
1457 4142 1604 4214 Aragouia,
1620 4159 1692 4200 nuno
1713 4143 1820 4200 Baetra
1833 4147 1917 4205 dieta.

181 4238 183 4241 -
275 4220 349 4266 tatur
361 4210 433 4266 idem
448 4208 547 4264 Paulus
564 4206 652 4262 icor.
669 4221 713 4261 xlv
734 4207 788 4262 illis
799 4209 910 4264 uerbis:
927 4209 992 4264 Cum
1004 4229 1069 4267 con·
1120 4209 1199 4268 Unde
1220 4214 1276 4268 diri
1299 4215 1336 4270 illi
1360 4223 1418 4271 toto
1438 4224 1570 4270 terrarum
1586 4224 1671 4272 tractu
1691 4229 1826 4289 martyres
1845 4220 1921 4276 ceie-

273 4281 378 4348 renitit,
405 4279 580 4348 unusquisque
602 4287 723 4345 uestrum,
745 4279 875 4347 psalterum
894 4280 980 4352 babet,
1007 4284 1070 4341 doc·
1120 4281 1232 4338 berrimi
1252 4284 1415 4342 Laurentius
1436 4295 1464 4341 et
1481 4285 1639 4343 Vincentius
1658 4287 1709 4343 orti
1723 4286 1853 4356 luerunt;
1867 4289 1919 4347 sed

272 4354 371 4408 trinam
397 4351 491 4415 babet,
520 4348 703 4420 Apocolgprim
724 4347 818 4414 babet,
842 4351 959 4422 linguam
981 4353 1067 4411 babet.
1120 4352 1221 4412 Dexter
1240 4371 1312 4412 nuno
1330 4358 1364 4413 de
1387 4358 1485 4413 Baetica
1504 4357 1634 4428 loquitur,
1649 4372 1710 4428 quse
1723 4367 1766 4415 est
1779 4357 1917 4420 Haereat.

274 4422 431 4491 Quinimmo
445 4420 477 4475 b.
492 4419 609 4475 isidorus
622 4421 650 4474 iu
672 4418 768 4476 olfacio
781 4420 869 4478 llissae
882 4424 910 4480 S.
926 4423 1067 4495 Torquati,
1119 4424 1148 4480 ln
1169 4426 1286 4496 quodam
1303 4428 1372 4484 libro
1384 4443 1487 4494 ‚eorum
1508 4431 1553 4500 qui
1567 4429 1638 4499 apud
1653 4438 1774 4485 montem
1788 4441 1917 4488 sanctum

272 4494 388 4559 tlaeoilii,
402 4500 430 4548 et
443 4490 581 4547 sociorum
596 4504 644 4547 eos
657 4497 737 4547 uocat
748 4492 831 4549 llates
845 4502 953 4550 nostros
969 4512 976 4549 :
991 4496 1068 4554 Diem
1119 4496 1316 4554 Granatcnsem
1337 4501 1439 4556 inuenti
1464 4510 1539 4565 sunt,
1556 4500 1681 4570 babetur,
1698 4501 1770 4572 quod
1788 4500 1823 4556 b.
1837 4501 1919 4560 Tesi-

272 4563 354 4632 tuac,
377 4562 540 4618 dilectissimi
554 4562 659 4632 fratrer,
681 4563 730 4629 ait,
750 4564 778 4618 in
792 4580 843 4635 quo
862 4567 987 4621 memorio
1007 4585 1068 4624 nor·
1119 4569 1205 4639 pltou,
1225 4577 1253 4625 et
1276 4569 1307 4627 S.
1333 4571 1460 4626 Caecilius
1486 4570 1596 4628 luerunt
1617 4572 1733 4640 iratres,
1756 4571 1791 4628 ab
1814 4574 1919 4632 Arabia

272 4647 375 4690 trorum
387 4632 484 4689 Vatum
502 4633 638 4700 excolitur,
654 4633 751 4689 deuotis
762 4635 889 4691 meatibus
904 4637 1065 4696 excolamus.
1118 4640 1238 4708 oriundi,
1251 4652 1279 4697 et
1293 4643 1365 4712 quod
1380 4643 1517 4714 Tesipbon
1532 4653 1594 4699 aute
1605 4645 1817 4700 conversionem
1832 4660 1920 4702 ruca-

273 4704 388 4764 liatetur
406 4719 473 4778 ergo
490 4704 564 4777 quod
587 4703 676 4775 aliqua
697 4707 776 4763 nobis
791 4708 984 4777 predixerunt.
999 4710 1067 4779 Quae
1119 4721 1162 4766 tus
1184 4714 1222 4769 sit
1247 4711 1405 4768 Aienotlmr.
1436 4714 1540 4771 inventi
1563 4721 1628 4770 sunt
1650 4713 1749 4772 ibidem
1772 4715 1824 4772 sub
1838 4714 1919 4774 Tesi-

272 4786 364 4834 autem
376 4776 422 4832 illa
437 4779 503 4846 sim,
527 4775 588 4832 libri
603 4775 702 4833 llontis
716 4780 803 4834 saneti
822 4778 978 4851 loquuntur.
992 4787 1066 4853 Age·
1118 4782 1227 4853 plromis
1240 4783 1351 4840 nomine
1365 4784 1426 4841 libri
1444 4795 1612 4857 sequentes:
1627 4784 1838 4842 Futtdttmentum
1860 4786 1917 4844 Ec-

269 4859 332 4904 mus
346 4846 383 4903 de
394 4846 425 4902 S.
437 4844 547 4902 Caecilio
561 4846 791 4910 iterumjiolerius
802 4865 876 4906 antio
890 4852 924 4907 b.
941 4854 988 4911 bl.
1116 4854 1214 4920 clesitc,
1228 4855 1349 4925 quinque
1369 4857 1505 4928 plumbeis
1520 4857 1629 4922 tabulis,
1647 4858 1766 4913 tranire
1782 4858 1918 4918 idiomate

308 4917 336 4972 li.
365 4914 506 4985 Τειίριιοιι,
532 4925 585 4970 etc.
611 4917 802 4989 llartyrologia
818 4960 827 4985 ,
859 4935 893 4976 ae
915 4924 1066 4994 scriptores
1117 4932 1267 4994 exaratum,
1286 4926 1346 4983 libri
1356 4943 1391 4996 rr;
1407 4930 1439 4983 de
1452 4927 1574 4983 Essentic
1588 4927 1636 4984 lter·
1652 4928 1722 4984 liber
1735 4945 1759 4994 ι;
1774 4929 1807 4984 de
1820 4927 1917 4987 Pteni-

271 4988 413 5044 communi
427 4985 531 5041 calculo
546 4983 608 5042 'lesi
628 4986 738 5042 bootem
752 4991 894 5060 assignant
905 4995 1064 5065 episcopum
1117 4997 1198 5051 tentia
1209 4996 1240 5052 S.
1253 4996 1327 5053 Petri
1342 4999 1412 5055 liber
1424 5015 1448 5065 ι;
1465 5002 1497 5054 tte
1512 4999 1637 5054 Oratione
1654 4999 1685 5055 S.
1696 4998 1790 5054 tereti
1806 4999 1881 5057 liber
1895 5019 1916 5060 ι.

271 5058 368 5128 vergi,
390 5058 466 5112 solus
486 5056 589 5139 Ι[ιειιει
604 5001 732 5139 &argillae
757 5060 887 5144 ascribit3
912 5077 973 5133 qute
992 5080 1007 5119 a
1028 5067 1065 5123 ud
1078 5080 1105 5142 ῃ
1118 5068 1227 5139 Legitur
1248 5083 1357 5139 qouque
1377 5072 1403 5126 in
1432 5071 1531 5126 lamina
1554 5071 1681 5141 plumbea
1705 5071 1765 5140 ejus
1780 5072 1916 5143 epitapbii

271 5128 452 5185 Ptolomaeum
466 5126 595 5183 ridentur
608 5127 726 5211 diverse
748 5131 825 5187 ualde
846 5133 981 5190 ciuitates.
1021 5152 1065 5194 am
1117 5141 1260 5209 scripsisse
1276 5143 1307 5193 tte
1322 5139 1387 5196 litte
1399 5142 1557 5213 integritate,
1573 5153 1597 5196 et
1618 5143 1752 5197 orientalis
1766 5143 1808 5197 eui
1826 5142 1917 5217 blagi-

270 5199 353 5269 llergi
368 5197 440 5269 apud
452 5211 548 5255 omues
558 5201 610 5254 sita
623 5200 675 5254 iutt
688 5215 715 5254 tn
727 5215 777 5256 ora
789 5204 882 5270 maris,
900 5207 971 5274 quod
984 5207 1019 5262 ab
1031 5214 1064 5265 ea
1115 5212 1177 5277 stri,
1192 5210 1223 5268 S.
1238 5209 1342 5281 lucebi,
1358 5212 1456 5269 librum
1468 5214 1561 5269 alium.

269 5270 374 5325 dictum
388 5279 430 5325 est
444 5269 528 5324 Sinas
545 5268 711 5341 ιἰιριιιιιιι,
728 5274 775 5345 qui
787 5290 802 5327 a
817 5274 896 5346 vergi
907 5278 1064 5338 extenditur
1150 5281 1185 5337 Δ.
1198 5281 1230 5337 G.
1244 5282 1290 5338 57.
1303 5311 1340 5324 -
1351 5282 1455 5339 lterum
1470 5286 1502 5342 S.
1517 5284 1620 5342 iacobi.
1637 5285 1693 5342 lloc
1706 5299 1774 5343 sane
1788 5287 1917 5346 testimo-

270 5354 357 5411 usque
369 5339 404 5396 ad
416 5342 632 5422 promontorium
646 5341 862 5414 Scombrarium,
880 5346 949 5404 Calo
962 5350 995 5404 de
1008 5351 1063 5406 Pa·
1115 5353 1161 5409 nio
1175 5355 1284 5424 egregie
1304 5357 1528 5426 comprobantur,
1551 5373 1584 5413 ac
1604 5357 1789 5424 stabiliuntur,
1804 5375 1870 5430 quae
1885 5361 1915 5416 iu

268 5410 322 5479 los,
345 5410 426 5481 vulgo
448 5410 620 5494 dictumest
641 5427 707 5470 vero
721 5415 838 5488 Vergilia
853 5420 964 5488 ponitur
978 5422 1013 5476 ab
1027 5437 1062 5479 eo
1113 5424 1251 5495 plumbeis
1271 5425 1370 5482 tabulis
1391 5429 1460 5483 sacri
1485 5431 1585 5484 montis
1608 5429 1797 5498 Granatensis,
1823 5447 1915 5502 nuper

266 5497 323 5539 non
333 5496 429 5554 parum
442 5496 459 5537 a
473 5486 668 5565 marudrstans,
684 5485 711 5567 io
725 5486 894 5558 ansetanls,
911 5490 937 5545 in
954 5491 1014 5562 ipso
1028 5494 1063 5548 li-
1113 5495 1227 5550 detectis
1250 5497 1352 5566 scripta
1367 5510 1446 5567 surrt,
1468 5500 1643 5573 vicissimque
1657 5501 1692 5555 ab
1705 5501 1811 5558 eisdem
1827 5505 1915 5561 robur

264 5554 340 5610 mine
352 5551 576 5637 Tarraconensis,
588 5562 617 5610 et
628 5553 736 5638 beticae
755 5558 958 5630 llispaniarum.
972 5561 1059 5619 Caete-
1110 5565 1210 5635 accipit
1223 5567 1315 5623 ltextri
1334 5570 1537 5637 testimouium
1555 5574 1590 5626 ita
1604 5582 1634 5627 ut
1656 5572 1773 5628 alterum
1793 5573 1914 5631 alterius

263 5639 326 5681 rum
339 5638 363 5681 st
375 5638 436 5694 quae
446 5622 482 5680 ab
492 5622 545 5706 boc
555 5634 666 5709 auctore
678 5626 806 5685 dicuntur
819 5630 853 5684 atl
865 5647 980 5701 unguem
996 5650 1058 5700 per·
1109 5639 1251 5694 ueritatem
1262 5655 1317 5696 non
1330 5642 1402 5697 sinat
1419 5645 1445 5698 in
1465 5641 1576 5699 dubium
1592 5644 1696 5699 venire.
1713 5643 1823 5700 Etenim
1838 5661 1915 5703 anno

263 5696 429 5779 pendantur,
441 5705 543 5767 poterit
557 5711 584 5779 ιιι
599 5698 773 5754 concordiam
781 5700 865 5772 redigi
873 5717 934 5757 cum
947 5708 1057 5762 eaeteris
1110 5708 1181 5763 4594
1192 5720 1329 5780 repertum
1343 5722 1386 5768 est
1397 5728 1515 5782 praesens
1525 5715 1617 5771 beatri
1628 5713 1784 5771 Cbronicon
1799 5715 1830 5772 ln
1846 5715 1914 5773 Ger·

260 5769 453 5836 scriptoribus.
466 5765 526 5850 N.⁰.'¹
540 5780 625 5834 eorm,
640 5777 670 5822 ut
684 5778 789 5839 putam,
800 5774 878 5841 ponit
895 5772 1004 5845 Vergim
1015 5776 1058 5832 di·
1108 5781 1208 5848 mania,
1223 5791 1250 5838 et
1263 5782 1291 5838 in
1308 5783 1450 5851 llispanias
1469 5786 1581 5841 missurn
1596 5794 1753 5842 extractum
1766 5787 1804 5844 ab
1818 5785 1912 5860 Origi-

260 5850 394 5893 versama
408 5839 524 5911 Vergilia
536 5837 641 5906 urbem,
654 5840 702 5895 sed
715 5841 863 5912 Abderam,
875 5859 935 5915 quae
948 5849 1057 5904 tametsi
1108 5851 1162 5906 nali
1178 5867 1229 5907 ms.
1250 5863 1278 5907 et
1291 5863 1449 5922 pervetusto
1462 5857 1557 5913 codice
1572 5856 1638 5913 bibl.
1655 5856 1803 5914 Fuldeosis
1815 5875 1913 5917 eteoc-

259 5907 384 5966 amultit
396 5909 524 5970 credatur
536 5910 649 5983 antiqua
663 5910 770 5986 largis,
782 5926 825 5973 est
839 5923 928 5975 tamen
942 5919 1056 5979 omnino
1107 5921 1156 5994 bii,
1183 5933 1211 5983 et
1235 5923 1362 5995 sequenti
1382 5939 1453 5985 anuo
1469 5929 1577 5988 scilicet
1599 5927 1671 5988 tuat
1694 5929 1797 5989 montis
1818 5930 1912 5992 sancti
