4192 6434
216 380 268 442 tibi
921 368 1024 429 bauti
1043 367 1157 430 (inosti
1816 364 1871 433 868

216 499 275 547 tam
302 482 532 557 infestissima&
554 482 590 539 ob
613 482 666 539 boo
685 482 773 547 sotum
796 479 869 553 quod
895 480 1016 552 crealiter
1030 486 1054 543 ,ι
1068 479 1146 537 sione
1165 470 1263 552 pressi,
1277 480 1321 539 cul
1334 480 1494 555 plerumque
1506 481 1640 556 reputati
1658 496 1741 554 supra
1755 481 1872 549 moduni

218 583 356 649 cbristus,
371 589 399 637 et
414 578 513 636 colitur
525 578 610 645 Deus,
625 576 698 635 idola
718 585 809 635 autern
822 576 846 608 ¹⁸
861 575 953 632 minus
967 590 1017 632 co·
1070 575 1266 632 exaestuavisse
1301 575 1476 647 praesentiam
1497 578 1590 633 clades
1619 585 1772 649 temporum
1796 573 1875 632 uide-

219 676 322 741 luntur,
337 670 492 729 infamant:
510 684 681 743 preceperas
695 686 772 743 crgo,
788 677 818 725 ut
831 685 867 726 ex
879 671 1016 742 omnibus,
1070 674 1179 729 bantur.
1194 674 1220 748 5
1234 671 1333 728 Nactus
1347 672 1419 728 enim
1433 687 1492 728 suat
1510 673 1665 742 praeteritos
1679 671 1738 737 dics
1753 685 1808 728 nott
1824 686 1876 728 su-

221 769 266 838 qui
291 764 387 821 baberi
414 762 447 819 ad
472 778 592 835 presens
608 772 732 835 possunt,
746 762 923 820 historiarum
937 773 1019 837 atque
1070 766 1126 823 lum
1140 781 1216 839 aque
1230 775 1258 823 ut
1271 765 1439 836 ltosgraues,
1455 764 1641 826 verumetiam
1658 773 1733 829 ιιιιιο
1747 765 1877 836 atrocius

221 859 362 916 annalium
379 858 467 924 tastis,
484 871 664 929 quacumque
687 866 735 912 aut
758 855 838 913 bellis
852 858 957 930 gratia,
973 866 1021 914 aut
1071 857 1197 922 miseros,
1215 865 1315 929 quanto
1337 856 1473 929 longiusa
1492 856 1614 913 reniedio
1634 871 1708 913 rere
1731 857 1877 930 religionis

223 957 351 1018 corrupta
365 947 480 1013 morbis,
492 956 538 1003 aut
550 947 621 1003 ianae
634 936 796 1014 tristia,'aut
810 957 946 1004 terrarum
963 965 1021 1005 mo·
1071 951 1196 1018 alienos;
1214 960 1243 1006 ιιι
1254 950 1354 1007 merito
1369 949 1391 981 ⁸¹
1405 949 1456 1007 bac
1475 949 1641 1006 scrutatione
1664 948 1807 1018 claruerit,
1830 965 1889 1006 rc·-

225 1045 296 1100 tiltus
308 1039 743 1111 terribilia,atttinundationibus
755 1057 886 1110 aquatum
899 1041 1019 1113 insolita,
1072 1058 1171 1115 guasse
1196 1051 1311 1099 irrortem
1334 1040 1438 1097 aridam
1457 1041 1617 1119 sangoinis,
1642 1041 1706 1097 duta
1730 1041 1890 1112 ignoratur·

226 1149 274 1196 aut
287 1137 477 1210 eruptionibus
499 1134 602 1208 ignium
621 1135 777 1206 anatomia,
792 1145 837 1191 aut
854 1137 952 1192 ictibus
969 1137 1020 1193 tai-
1073 1135 1179 1207 roiigio,
1191 1134 1284 1207 ”quae
1299 1132 1456 1205 prohiberet
1471 1148 1486 1188 a
1502 1134 1634 1205 sanguine
1647 1151 1654 1187 a
1667 1132 1692 1164 ⁸⁸
1708 1133 1761 1188 ista
1776 1133 1880 1208 illuce5

227 1229 330 1286 urinum
351 1228 490 1300 plagisque
501 1226 664 1300 grandinum
680 1242 763 1291 sura,
778 1228 820 1284 tel
834 1228 918 1285 etiam
932 1229 1022 1299 parri·
1073 1238 1177 1292 scente,
1189 1227 1263 1283 iliani
1278 1228 1487 1297 constupuisse:
1502 1225 1575 1282 illam
1590 1224 1731 1294 concludi,
1745 1240 1807 1287 cuot
1825 1224 1883 1283 ista

225 1320 305 1377 cidiis
322 1320 486 1392 flagitiisque
497 1319 609 1386 misera,
623 1333 671 1392 per
682 1327 817 1374 transacta
833 1329 907 1375 rciro
923 1319 1023 1375 scocula
1075 1323 1098 1356 ⁸⁸
1109 1323 1164 1396 jam
1179 1322 1325 1393 proevalet3
1341 1320 1413 1377 iliam
1428 1320 1537 1391 penitus
1552 1320 1654 1377 nullam
1667 1321 1798 1390 intutam,
1815 1334 1883 1377 curu

227 1413 404 1484 reperissem,
420 1411 545 1467 ordinata
557 1410 677 1466 brevitor
690 1411 835 1468 initaminis
851 1418 927 1468 textu
938 1412 1024 1483 expli·
1075 1415 1134 1472 bec
1147 1415 1205 1473 solo
1217 1414 1351 1486 cognobit.
1367 1414 1494 1484 Exceptis
1504 1412 1630 1471 uidelicet
1640 1415 1810 1489 scrutatisque
1823 1412 1883 1470 illis

227 1521 317 1561 eorem
331 1523 338 1558 ι
353 1503 470 1560 aramma
484 1518 546 1559 cani
563 1502 744 1580 reuerentiam
756 1511 842 1572 taam,
855 1495 1024 1575 perucienao
1075 1508 1173 1568 diebus
1188 1506 1340 1564 novissimis
1354 1507 1405 1564 sub
1421 1507 1475 1562 tiae
1486 1506 1591 1573 saculi,
1603 1516 1631 1564 at
1641 1507 1692 1562 suu
1705 1505 1884 1581 apparitione

228 1598 252 1632 ¹⁸
265 1597 397 1655 aduersus
410 1596 460 1652 bos
475 1596 549 1666 ipsos
565 1611 685 1668 paganos
699 1594 845 1653 undecimo
858 1594 929 1653 libro
942 1596 1025 1655 insis-
1077 1599 1247 1664 dntiebristi,
1262 1599 1305 1655 rel
1320 1600 1401 1656 etiam
1417 1596 1468 1654 sub
1487 1597 1662 1654 coirclusioue
1681 1595 1800 1667 iudicii:
1823 1595 1886 1669 qui-

228 1698 330 1746 tcntcm
354 1690 379 1721 ¹⁸
405 1689 541 1762 (quorum
561 1688 616 1760 jam
643 1688 738 1745 decem
754 1687 778 1720 ¹⁸
793 1687 914 1745 orientes
943 1687 1024 1756 radii,
1077 1691 1128 1748 bas
1152 1691 1257 1748 laturas
1276 1690 1425 1762 angustias,
1450 1689 1546 1761 quales
1569 1699 1633 1746 sote
1653 1702 1707 1744 noo
1727 1687 1750 1720 ⁸⁶
1764 1687 1885 1757 inerint,

228 1798 291 1838 mox
315 1791 344 1837 ut
363 1782 386 1815 ¹⁷
399 1780 433 1838 de
454 1781 563 1854 specula
588 1779 780 1838 ecclesiastice
804 1780 936 1838 claritatis
961 1781 1025 1839 etati
1079 1782 1209 1840 Dominus
1223 1782 1347 1840 cbristus
1362 1797 1410 1854 per
1422 1780 1579 1853 Scripturas
1593 1790 1712 1847 sanctas,
1727 1793 1780 1837 sua
1794 1778 1884 1857 etiam

228 1882 303 1941 suut,
315 1875 338 1907 ¹⁸
353 1883 410 1928 toto
425 1872 493 1930 orbe
505 1871 661 1944 fulserunt),
678 1872 730 1928 lcii
744 1871 878 1944 opusculo
895 1872 1023 1943 occupari
1038 1877 1062 1939 B
1075 1878 1276 1934 contestatione
1289 1875 1433 1948 praedixit:
1449 1875 1470 1908 ⁸⁷
1484 1890 1546 1930 cum
1558 1873 1706 1931 secuudum
1721 1872 1813 1944 ipsum
1825 1873 1887 1944 qui-

228 1982 283 2023 non
307 1973 472 2036 oporteret:
492 1967 515 1999 ”
534 1974 562 2020 ει
586 1973 698 2019 sanetus
723 1965 795 2020 itlius
815 1973 888 2030 tuus,
903 1961 1027 2020 lulianus
1078 1969 1153 2039 dem,
1168 1971 1214 2042 qui
1234 1980 1262 2028 at
1283 1985 1355 2026 unire
1375 1977 1403 2026 et
1426 1982 1534 2041 semper
1556 1977 1610 2035 est,
1634 1964 1757 2034 modum,
1787 1981 1886 2022 reruni

228 2057 464 2129 Carthaginensis,
480 2072 576 2114 sersus
592 2057 652 2126 liei,
666 2057 796 2113 satisfieri
820 2055 974 2128 superbae
996 2072 1027 2115 re
1078 2061 1217 2136 apertiore
1229 2076 1261 2119 ac
1281 2061 1406 2133 grauiore
1428 2059 1598 2131 discrimine,
1621 2042 1670 2131 per
1692 2056 1886 2116 intolerabiles

230 2149 253 2182 ⁸⁰
266 2147 391 2222 petitioni
405 2162 463 2205 sua
477 2147 573 2206 eadem
594 2147 694 2206 liducia
715 2163 769 2221 qua
784 2149 919 2221 poposcit,
934 2151 1027 2223 exige·
1080 2154 1271 2212 tribulationes
1290 2163 1444 2225 temporum
1464 2153 1585 2220 illorum,
1610 2161 1722 2209 sanctos
1745 2149 1886 2221 probatio,

230 2252 273 2302 ret
289 2263 295 2300 :
312 2243 374 2310 dedi
389 2259 513 2316 operam,
529 2254 557 2300 et
575 2243 709 2316 meipsum
733 2243 760 2300 in
785 2242 882 2322 primis
892 2244 914 2278 ⁸¹
929 2243 1026 2301 couiu·
1081 2247 1179 2317 impios
1193 2245 1311 2318 perditio
1324 2252 1515 2319 consequetur.

869 2383 1098 2442 burencourt
1117 2386 1233 2443 NOTAE.

229 2538 298 2584 sec..
314 2522 381 2579 edit.
397 2537 438 2592 pr.
455 2531 482 2591 et
496 2523 565 2594 ilug.
578 2531 607 2579 et
633 2521 746 2585 l'enet.;
769 2521 905 2589 presentie
920 2530 1021 2577 tentum
1111 2524 1154 2580 it.
1173 2522 1341 2595 Contestani.
1365 2520 1449 2592 Ltrgd.
1467 2522 1527 2577 Bat.
1548 2519 1630 2592 prim.
1644 2530 1672 2576 et
1692 2528 1756 2575 tort.
1774 2520 1802 2575 in
1821 2538 1885 2576 ron·

229 2597 285 2669 ipsa
297 2594 371 2649 Flor.
389 2603 452 2651 tert.
468 2593 662 2665 lloxqurodum
674 2593 881 2719 ιἰιέιιιαιιιιίιιιιι.
1076 2594 1188 2664 [atione.
1205 2593 1289 2649 lidum
1306 2607 1368 2649 tuos
1387 2594 1528 2649 uideantur
1542 2607 1592 2666 pro
1614 2607 1669 2665 quo
1686 2591 1707 2647 F
1711 2593 1763 2648 lor.
1778 2601 1842 2648 tert.
1858 2599 1888 2651 et

265 2665 312 2722 23.
329 2665 417 2722 lliutts
437 2663 571 2720 coluntur.
593 2664 680 2736 Lugd.
716 2671 754 2719 at.
771 2678 813 2735 pr.
830 2672 857 2720 ει
878 2672 954 2724 ιειι.,
971 2678 1022 2719 non
1075 2673 1165 2736 quart.
1181 2665 1326 2719 uidebatur.

229 2736 421 2793 solariter.Scd
435 2737 541 2807 uulgata
551 2735 860 2857 rectionrptianondum
871 2735 1022 2800 piauoabo·
1111 2735 1156 2793 se.
1174 2736 1234 2790 Hae
1247 2736 1416 2793 scrutatione.
1433 2733 1501 2792 urta.
1516 2735 1600 2790 addit.
1615 2751 1681 2791 mea.

230 2807 276 2864 lita
290 2815 350 2863 erat
362 2808 471 2876 gerititis
483 2807 587 2876 religio.
601 2805 662 2864 lios
683 2807 844 2860 ristoriamm
856 2805 1023 2862 librisl'eriz.
1113 2810 1157 2862 53.
1175 2809 1238 2874 Quin
1251 2806 1396 2874 probiberet
1407 2825 1422 2861 ιι
1435 2808 1570 2878 sanquine.
1584 2806 1670 2877 Lupd.
1694 2806 1755 2862 liat.
1779 2813 1883 2877 quart,

264 2878 309 2934 dd.
331 2876 473 2933 Adiectum
497 2879 543 2932 lios
564 2879 642 2950 ipsos.
670 2876 738 2932 iliae
760 2877 946 2960 cognoscitur,
970 2891 1024 2958 quo
1078 2878 1248 2950 prohibuerit.
1262 2879 1405 2950 lleus,qtsi
1420 2879 1538 2946 protiibet
1551 2879 1711 2950 sanquinem.

230 2958 352 3016 ternpore
366 2950 438 3004 trane
456 2947 598 3005 historiam
623 2948 818 3015 conscripserit
839 2947 964 3012 llrostrts,
981 2963 1024 3003 ns·
1113 2949 1158 3006 it.
1181 2947 1239 3004 ista
1263 2951 1437 3015 illucescente,
1458 2948 1534 3005 illem
1551 2950 1740 3016 constupuisse.
1763 2947 1835 3004 Cum
1857 2947 1883 3003 in

231 3021 329 3075 ntirum
346 3028 408 3090 post
431 3020 544 3075 Romam
566 3029 673 3086 capitam
696 3019 748 3072 sub
762 3017 883 3073 Hrrnorio
906 3018 1025 3086 impera·
1077 3021 1215 3093 prioribus
1239 3019 1357 3075 Fabricii
1383 3020 1524 3077 editionib.
1549 3019 1713 3075 illucescente
1735 3020 1881 3091 legeretur,

233 3100 302 3156 toro,
317 3106 389 3146 arrico
402 3091 504 3149 Cirristi
519 3091 572 3146 diti
582 3107 589 3156 ;
601 3105 653 3161 qna
669 3088 703 3145 de
713 3105 743 3143 re
757 3088 881 3147 dicemus
896 3088 968 3143 libro
983 3090 1026 3143 nt·
1078 3102 1159 3158 prtrut
1175 3093 1201 3146 in
1214 3091 1425 3161 antiquioribus.
1442 3090 1469 3146 in
1485 3107 1551 3148 mss.
1571 3091 1691 3147 Floreat.
1712 3105 1782 3156 sce,
1802 3100 1877 3156 tete,

231 3163 298 3218 tinio
309 3165 398 3234 caprite
415 3162 547 3233 vigesimo
570 3177 653 3217 niano.
675 3158 743 3217 Cum
768 3176 834 3228 ergo
857 3161 1026 3230 utignstinus
1079 3165 1150 3229 ileo,
1162 3173 1189 3218 et
1201 3162 1286 3232 bugd.
1302 3163 1359 3217 liat.
1370 3162 1512 3234 plerisque
1523 3161 1648 3218 etPeris.
1660 3169 1763 3227 exstat,
1777 3165 1803 3216 ia
1816 3160 1881 3216 edii.

228 3232 429 3304 jrundceimunr
445 3231 606 3290 decivitate
621 3230 670 3291 Dei
690 3229 858 3301 periecisset,
873 3240 956 3298 atque
969 3232 1024 3300 jam
1078 3236 1200 3304 blegent.
1222 3244 1356 3289 mutatum
1376 3234 1442 3289 iilud
1459 3234 1509 3289 luit
1531 3235 1559 3289 in
1582 3234 1787 3299 conticescente,
1811 3229 1882 3301 quod

232 3304 405 3361 utrileciutttm
419 3302 615 3363 conscriberet.
640 3304 695 3370 trini
711 3300 826 3359 Orosius
848 3311 944 3359 noster
967 3304 1026 3359 boec
1078 3315 1182 3362 tantuin
1195 3307 1222 3359 in
1234 3319 1300 3371 uuo,
1312 3302 1398 3376 bugd.
1415 3305 1474 3360 Bit.
1497 3320 1552 3360 sec.
1572 3305 1647 3370 scii,
1660 3305 1762 3370 inueni,
1780 3312 1880 3385 ciprii·

231 3377 353 3433 scribere
365 3389 510 3449 aggressus
522 3387 574 3432 est.
590 3373 612 3431 F
613 3391 675 3431 iou.
1038 3373 1062 3438 t}
1079 3388 1141 3449 pter
1154 3391 1318 3432 concursum
1335 3375 1434 3431 similis
1444 3377 1504 3431 soni
1516 3377 1605 3430 minus
1619 3375 1767 3430 conuenire
1788 3370 1880 3429 existi·

265 3448 312 3503 25.
327 3448 444 3513 Quarum
451 3448 510 3519 jam
522 3448 620 3502 decem.
635 3447 675 3502 Ex
695 3444 746 3501 boe
757 3445 819 3501 loco
834 3453 1025 3515 pstetreteres
1078 3462 1132 3505 ruo.
1144 3448 1196 3502 Pro
1205 3449 1381 3519 constupuisse
1391 3447 1488 3504 vitiose
1503 3443 1881 3517 constipuissetegiturinqui·

232 3519 259 3572 ia
280 3517 394 3573 aderadis
417 3517 522 3589 aragois
540 3518 672 3574 librorum
696 3515 889 3582 uoluminibus,
910 3526 939 3572 ιιι
963 3524 1028 3571 sunt
1079 3519 1193 3576 busdam
1212 3532 1292 3584 mss,
1307 3516 1419 3574 utFlor.
1433 3533 1502 3584 see,
1518 3526 1593 3582 tere,
1606 3517 1638 3572 i..
1655 3517 1685 3572 ll.
1698 3516 1879 3572 semermes.
1931 3550 1934 3555 -

233 3589 277 3643 iila
299 3589 440 3660 Augustini
464 3589 499 3644 de
520 3586 636 3643 ciritae
663 3587 722 3654 tici,
745 3586 868 3659 singulos
888 3587 1025 3644 interdum
1079 3588 1675 3659 Corrstupuisseterodixitorosius,tttsape
1691 3587 1808 3658 simplex
1830 3594 1880 3641 ιιι·

147 3660 153 3672 “
232 3659 328 3722 libras,
346 3660 391 3717 ubi
408 3659 520 3729 perlecti
531 3667 620 3721 eraut,
636 3658 770 3729 irrigasse.
1078 3678 1149 3734 pere,
1158 3670 1185 3717 et
1197 3670 1326 3726 stuporem
1336 3659 1528 3716 Tertullianus.
1545 3659 1605 3716 isin
1616 3659 1800 3731 apolog-cap.
1811 3659 1845 3713 si
1857 3671 1880 3726 p.

267 3731 313 3786 ιι.
326 3730 445 3788 orientes
458 3730 536 3785 radii.
546 3728 575 3784 ln
587 3727 661 3785 Flos.
672 3744 728 3787 sec.
740 3729 955 3802 superscriptum
966 3736 1029 3787 erat
1080 3733 1133 3789 its
1142 3731 1265 3802 apposite
1276 3730 1309 3785 ad
1321 3731 1400 3800 tritius
1412 3732 1463 3786 loci
1476 3745 1598 3797 sensam,
1610 3731 1646 3787 ita
1657 3730 1752 3785 scribit
1764 3746 1772 3784 :
1788 3727 1882 3783 Procul

232 3800 311 3858 reiut.
323 3802 352 3859 ln
365 3807 410 3859 ed.
424 3802 536 3873 August.
550 3801 659 3871 legitur,
667 3800 737 3856 selut
749 3803 856 3857 orientis
867 3801 947 3869 radii,
959 3808 1028 3857 taut·
1079 3805 1156 3859 dubio
1172 3802 1338 3870 saper-issatis
1350 3802 1385 3856 ad
1394 3800 1561 3858 solitudinem
1570 3810 1693 3867 uestram,
1707 3800 1742 3855 ad
1753 3800 1882 3856 silentisot

233 3889 314 3944 quatu
342 3873 377 3931 ad
398 3874 491 3942 radios
513 3871 580 3929 eolis
601 3872 683 3928 teluti
703 3872 817 3928 orientis
838 3871 1027 3943 adluderetur,
1080 3891 1180 3934 rerum.
1193 3884 1217 3928 ei
1233 3875 1514 3944 strsporemquemdam
1535 3873 1609 3942 quasi
1629 3874 1724 3927 mortni
1743 3872 1825 3927 orbis.
1841 3870 1883 3925 Sis

234 3959 295 4000 carin
308 3946 449 4018 seqrteutia
466 3945 580 4016 probent
605 3944 639 4000 ab
661 3942 769 4014 ignibus
785 3943 896 4016 (quibus
919 3943 1029 4016 signum
1080 3944 1382 4017 stupratemdiritidem
1396 3944 1566 4006 diuinitatem.
1580 3959 1640 4013 aquae
1651 3944 1731 4011 plane
1742 3941 1817 3999 nulla
1828 3952 1882 4004 est,

234 4017 544 4141 dabaturbdesuntptam
559 4030 621 4072 esse
636 4015 834 4082 metaphoram.
1081 4015 1426 4073 ddrersnsllaleutioiaaos
1436 4031 1498 4087 cap.
1509 4013 1628 4087 l.Lugd.
1640 4015 1701 4070 liat.
1713 4028 1770 4070 sec.
1779 4022 1808 4070 et
1818 4011 1882 4070 llitr.

270 4087 317 4145 ii.
367 4104 382 4144 e
401 4089 518 4158 specula,
534 4095 601 4152 ete..
623 4086 685 4140 eloti
699 4094 769 4139 sunt.
790 4085 876 4155 Lugd.
892 4085 952 4142 iias.
975 4098 1029 4152 pr„
1083 4087 1184 4144 babent
1195 4086 1366 4157 obstupuisse.

236 4166 298 4214 tert.
315 4166 344 4212 ct
358 4169 460 4227 quart..
473 4156 619 4230 desperabo
632 4155 713 4211 delati
726 4167 798 4223 sant,
811 4157 893 4212 male.
905 4156 1031 4224 Proprie·
1117 4160 1162 4215 bii.
1178 4156 1240 4213 iem
1253 4155 1457 4229 prurulentias
1469 4156 1620 4229 praoalcret
1636 4156 1668 4213 L.
1681 4157 1714 4212 B.
1730 4163 1814 4219 tert.;
1830 4168 1884 4207 csut

238 4239 279 4286 tas
293 4230 440 4285 locutionis
454 4237 574 4297 parietes
586 4225 698 4282 bucano
712 4226 758 4282 tib.
774 4242 812 4296 rt,
827 4242 901 4284 rers.
912 4227 983 4284 eit:
1081 4230 1132 4286 ista
1142 4229 1300 4302 praetulerat.
1313 4227 1399 4299 bugd.
1412 4229 1469 4283 Bat.
1488 4244 1529 4299 pr.
1547 4229 1619 4287 llos.
1630 4230 1688 4314 p'am
1706 4229 1817 4311 ,penitus
1830 4223 1886 4279 nul·

296 4306 636 4433 Seissiri'rfeit'aiufs'ifeeaia,
646 4381 703 4433 quae
716 4367 823 4434 prodidit
833 4369 907 4434 ignis.
1083 4299 1143 4427 iffi
1152 4300 1346 4443 lqltlrffltffapimi
1349 4309 1468 4438 tbenetia?
1471 4300 1656 4426 diliciiiiulliti?
1658 4294 1888 4442 η11)εῑιιιίιαωιιζιιιιιειῗιιι

272 4444 318 4499 28.
336 4441 401 4500 Toto
412 4441 482 4497 orbe.
496 4441 546 4498 Ed.
563 4441 631 4497 llitt.
649 4450 701 4496 toto
717 4441 783 4497 orbi.
1056 4500 1058 4504 ,
1083 4441 1413 4514 inaioprorepaauiritar.
1426 4450 1491 4497 tert.
1503 4452 1531 4498 et
1545 4439 1703 4512 ed.tlug.ttt
1714 4439 1883 4513 etprinceps.

273 4513 320 4571 ib.
333 4513 367 4574 lit
390 4521 495 4571 sencttu
521 4513 603 4583 plius.
617 4511 653 4569 er
666 4529 725 4569 cum
739 4523 844 4569 sanctus
866 4513 947 4584 filius,
964 4518 1032 4581 ete,
1119 4514 1166 4572 ab.
1182 4511 1303 4568 Fuerint.
1325 4512 1392 4568 uda.
1414 4515 1484 4584 dog.
1507 4521 1536 4569 et
1554 4526 1597 4583 pr.
1618 4515 1733 4585 [ιιιιιιιι.
1757 4508 1819 4567 llos
1841 4521 1887 4580 pru

241 4585 328 4657 bugd.
347 4585 407 4643 ilat.
423 4599 480 4642 sec.
496 4593 625 4656 etquart.
640 4593 669 4641 ιιι
682 4595 708 4641 ει
723 4583 793 4642 llitr.
1084 4602 1184 4656 semper
1198 4594 1244 4648 est,
1260 4582 1347 4654 Lugd.
1364 4584 1423 4639 isar.
1439 4598 1482 4660 pr.
1503 4599 1603 4652 semper
1622 4583 1683 4667 pais.
1708 4582 1738 4638 ln
1764 4581 1819 4637 ittis
1843 4577 1887 4634 aas

274 4655 320 4712 50.
337 4655 460 4713 Petitiosti
474 4672 537 4712 stre.
553 4654 637 4726 Vulgo
659 4656 778 4728 petitioni
803 4665 864 4712 tots.
888 4654 942 4714 Sed
965 4653 1033 4712 illud
1087 4656 1254 4729 apparitione
1268 4663 1351 4726 atque
1364 4656 1411 4711 sub
1423 4654 1600 4720 conclusione,
1621 4669 1648 4709 tn
1664 4653 1802 4725 prioribus
1814 4659 1844 4708 et
1861 4648 1887 4703 is

239 4745 295 4802 pre
306 4726 359 4789 boc
373 4728 476 4786 rectius
491 4737 566 4798 puto.
582 4726 885 4784 bsur.-Conlirmaat
900 4742 956 4783 suas
969 4727 1072 4816 (proD
1087 4725 1284 4796 posterioribus
1304 4725 1352 4780 sab
1372 4726 1447 4782 delet
1467 4725 1541 4782 Flos.
1557 4739 1614 4780 sec.
1638 4726 1691 4800 ltro
1710 4740 1760 4779 con
1824 4729 1888 4802 uus,

237 4817 292 4872 quo
316 4799 432 4871 petitioni
452 4808 505 4856 tue
531 4799 606 4854 utor.
629 4808 691 4856 tort.
706 4808 733 4855 et
761 4799 848 4870 ilaus)
864 4798 938 4854 Flor.
961 4813 1032 4868 see,
1064 4796 1273 4866 ¹tiltimolrujus
1288 4796 1430 4868 preloqaii
1445 4797 1542 4863 serbo,
1557 4804 1678 4875 sepsetrrs
1699 4795 1800 4873 liabent
1822 4790 1887 4870 edit.

239 4870 327 4944 lugd.
340 4871 401 4929 liat.
411 4885 482 4937 see,
494 4880 557 4927 tert.
571 4877 599 4928 et
613 4880 716 4940 quart..
727 4868 798 4927 Uitr.
808 4880 838 4926 ut
852 4878 880 4925 et
890 4869 993 4937 Parin,
1007 4878 1036 4927 et
1086 4868 1211 4936 Venetas,
1226 4877 1401 4938 consequatur
1413 4869 1579 4940 dogustans.

239 4944 306 5000 edit.
322 4944 449 5014 princeps
474 4949 504 4997 et
516 4944 585 5011 Aug.
601 4940 721 5011 itepostti
731 4956 765 4998 es
777 4941 874 4999 iisdem
895 4947 976 5010 atque
989 4941 1031 4996 in·
1119 4940 1166 4997 bi.
1181 4937 1247 4994 Cum
1262 4940 1415 5006 secandam,
1427 4948 1480 4996 etc.
1499 4939 1570 4994 Editi
1587 4937 1707 5009 quidam,
1720 4945 1751 4993 ut
1764 4936 1847 4994 Febr.
1862 4944 1890 4992 et

240 5028 322 5085 super
337 5013 436 5081 Perin,
451 5012 527 5070 Flos.
543 5023 619 5078 tert,
638 5012 697 5068 liro
718 5010 832 5069 eteditt.
845 5009 969 5077 Venetis,
1086 5010 1202 5081 August.
1218 5009 1358 5077 exbibens,
1382 5025 1441 5066 cum
1463 5026 1517 5065 uon
1537 5009 1689 5076 mundum,
1716 5020 1773 5065 etc.
1794 5018 1888 5065 eontra

241 5083 547 5213 ttttiittttt‘ib
561 5081 1031 5224 iiiiiilibidinandi
1083 5080 1276 5223 iiiil‘iiiim
1286 5089 1517 5216 ibiibi&
1527 5081 1744 5208 utilitati·
1753 5079 1885 5209 iffi

243 5196 479 5285 uidelicettirosio
491 5226 571 5295 liujus
585 5171 1030 5297 rrpgeriscontcstumAugustinus
1087 5222 1220 5294 usquead
1236 5193 1316 5280 liri’em
1331 5195 1424 5280 saciati
1445 5223 1505 5279 lore
1525 5223 1595 5280 bella
1616 5231 1644 5280 ει
1667 5221 1773 5290 elides,
1793 5222 1843 5278 sed
1863 5219 1889 5276 is

242 5297 368 5370 quodque
382 5300 408 5354 in
421 5311 452 5357 sc
465 5306 607 5370 receperat
621 5297 742 5364 Orosius,
760 5295 895 5370 erigebat,
907 5305 937 5354 ut
952 5297 1033 5368 perti-
1087 5296 1141 5350 tino
1156 5294 1299 5365 grauiores
1322 5295 1408 5350 ιιιιιιιο
1428 5305 1554 5364 respectu
1575 5293 1732 5364 impiorum.
1748 5294 1779 5352 ln
1793 5306 1890 5366 ιιιιριι

241 5375 326 5441 aeret,
340 5368 475 5429 lulianus.
489 5368 559 5426 Uitr.
573 5385 603 5426 eo
617 5368 726 5439 liderla,
736 5383 787 5442 pro
797 5367 899 5424 eadem.
1087 5374 1136 5432 est,
1153 5363 1334 5435 posteriorem
1344 5381 1441 5425 roceto
1452 5366 1529 5425 delet
1541 5365 1572 5423 i..
1587 5365 1620 5422 B.
1637 5373 1702 5425 tert.

782 5587 1345 5633 Q
