4192 6434
224 342 279 405 eta
750 340 1349 404 ehtuthucunexautcauoutcou.
1808 317 1877 411 'eii

225 458 375 520 haiil.
411 460 725 536 Cyprianuseplscopns
740 462 962 534 carthaginensis
978 463 1109 536 opinione
1131 462 1262 520 doetrinae
1278 470 1305 519 et
1322 458 1476 518 sanctitatis
1490 459 1638 533 plurimam
1662 474 1697 521 eo
1715 459 1875 523 000056.

441 563 567 629 tempore
578 556 649 627 apud
665 555 800 628 llispanos
821 557 910 614 lloret.

404 630 509 721 'luri'pii
524 645 586 721 [Vel
597 646 730 719 Tigurini]
742 647 769 702 in
784 645 931 704 celtiberia
946 647 1086 720 lliepaniee
1104 647 1193 705 sahmi
1206 646 1309 705 chmsti
1336 656 1471 720 martyres
1489 646 1565 705 Felix
1586 658 1615 707 et
1637 647 1693 708 Re·

441 741 524 812 pola,
549 756 664 812 pirorum
688 754 773 797 sacrae
789 740 913 811 retiariae
932 741 1062 815 religiose
1088 740 1251 813 populorum
1274 740 1453 800 bullimerum
1472 743 1627 816 frequentia
1648 760 1696 802 co-
1789 807 1794 812 ,
1818 752 1822 757 ’
1860 746 1870 784 ⁴?

443 834 545 889 luetur.

407 926 577 986 Theodosius
589 922 801 981 Barcinonensis
815 921 960 995 episcopus
973 922 1065 979 claros
1078 921 1205 979 liahmtir.

407 1023 437 1084 S.
452 1024 610 1083 Praecellius
622 1024 718 1079 lloinae
732 1036 830 1093 passus
842 1021 911 1078 civis
924 1020 1109 1092 Hipponensis
1124 1013 1272 1090 llispanus',
1286 1017 1403 1075 mirillce
1412 1017 1503 1076 claros
1512 1017 1629 1078 habetur
1638 1020 1696 1094 plo

441 1121 479 1175 ria
495 1118 619 1191 martyrii
634 1117 670 1175 25
687 1116 761 1174 tiaii.

402 1214 554 1270 barcinone
564 1213 593 1271 S.
609 1212 726 1269 &ierus
738 1208 859 1281 ejusdem
872 1208 947 1265 urhis
962 1208 1109 1281 episcopus
1122 1214 1153 1262 et
1168 1213 1282 1278 martyr.

403 1304 556 1375 bejuhrigae
568 1305 594 1359 in
607 1302 737 1376 Hispania
752 1304 841 1361 sancti
853 1310 986 1373 martyres
1000 1299 1093 1371 Lupus
1105 1308 1133 1356 et
1146 1298 1321 1356 Saturninus.

827 1462 960 1523 uitauit
977 1457 1261 1522 cohumiliatus.

221 1600 308 1670 patria
338 1608 365 1655 et
393 1601 526 1668 nomina,
554 1599 626 1671 quod
651 1600 732 1657 lacile
757 1600 846 1670 quiris
870 1597 1022 1668 deprehen·
1037 1596 1064 1657 Α
1077 1594 1238 1651 heeiurunt
1250 1603 1375 1651 auctores
1385 1592 1565 1664 inquirentes,
1582 1597 1697 1656 fuerisne
1710 1615 1779 1658 unns
1795 1602 1874 1662 doru-

220 1673 269 1726 det
294 1687 328 1726 eit
351 1674 418 1725 actis
439 1671 546 1728 illarum
562 1671 634 1741 apud
659 1670 768 1726 Surium
786 1682 853 1724 toni.
866 1668 913 1735 tv,
927 1667 972 1723 itia
989 1667 1024 1722 ll)
1077 1666 1430 1747 taxatseucrusepiscupus
1442 1664 1651 1723 Barcinonensis
1663 1680 1815 1745 etinartyr,
1827 1688 1874 1734 atti

219 1740 297 1807 iulii,
310 1753 336 1795 et
354 1743 519 1813 liquilinuui,
536 1742 582 1797 lili.
601 1756 636 1803 it,
653 1755 678 1795 c.
692 1740 736 1795 78.
759 1749 765 1766 ⁴
1074 1736 1129 1791 dno
1141 1753 1149 1793 ε
1161 1735 1208 1791 sed
1221 1748 1292 1790 nunc
1300 1750 1356 1803 parii
1367 1736 1536 1804 exploratum
1548 1736 1873 1806 liabemitsdiiusomnino

257 1812 284 1867 0.
310 1811 473 1884 Cppriunos,
493 1823 549 1868 etc.
573 1810 747 1866 Percreliruit
760 1811 790 1866 S.
811 1807 1020 1880 Cyprianilama
1074 1805 1197 1860 diuersos
1214 1815 1293 1860 csse:
1311 1804 1424 1859 :illerum
1447 1806 1525 1861 initio
1545 1812 1742 1876 persecutionis
1767 1813 1874 1876 blot-le·

219 1894 282 1953 post
294 1882 355 1952 ejus
371 1884 543 1955 martyrium,
560 1882 711 1951 praesertim
728 1878 1023 1949 intttspaniismtt‘rn-
1074 1877 1139 1931 iiani
1152 1890 1272 1944 passum,
1287 1873 1403 1930 alterum
1419 1879 1869 1954 tenipnraConstantiniimperatn-

216 1953 331 2010 dentins
348 1953 501 2010 luculenter
515 1955 621 2010 notauit
638 1952 738 2023 hymno
751 1952 802 2017 li,
821 1951 966 2016 inquiens:
1073 1947 1111 2001 ris
1123 1962 1131 2008 ;
1145 1944 1221 2000 illuni
1234 1946 1342 2013 quidem
1358 1946 1540 2016 agentiltlins,
1557 1949 1656 2005 liutica
1672 1950 1768 2011 Gothis
1792 1956 1871 2014 hria-

216 2067 273 2117 h'ec
286 2067 368 2131 hihye
379 2073 471 2116 tamum
482 2065 582 2128 populos
594 2059 672 2125 m
684 2063 816 2124 exitusque
828 2062 852 2110 m
862 2067 943 2110 mmm
1073 2017 1129 2139 nist:
1139 2015 1238 2094 prioris
1247 2016 1371 2071 meminit
1379 2016 1431 2100 hoc
1442 2018 1503 2100 loto
1513 2015 1622 2117 beritum
1632 2024 1794 2089 posterioris
1806 2042 1871 2086 vcro

186 2137 187 2141 ’
216 2130 283 2181 Solis
296 2136 411 2190 eiusque.
422 2128 514 2176 abitum
535 2126 616 2176 Gallos
626 2127 701 2185 leret,
713 2124 801 2174 imbuit
810 2122 957 2185 Britannum
1075 2103 1102 2142 ¹¹¹
1115 2085 1189 2143 “¹¹¹⁵
1201 2101 1279 2170 99⁰⁰.
1299 2083 1364 2153 35²⁹
1382 2102 1506 2154 'mlum
1522 2130 1533 2171 ·.
1542 2086 1689 2189 emm?
1702 2107 1809 2153 “mm“
1821 2098 1871 2155 ⁴5⁶·

220 2189 490 2249 erastueettespertaa
503 2164 794 2239 Christuntseritultimis
806 2184 895 2234 lberis.
1072 2171 1145 2214 Μ·
1158 2157 1290 2228 '‘¹¹de
1305 2173 1384 2212 ‘lm
1398 2156 1431 2212 “l
1444 2159 1571 2213 'loel‘llw
1588 2160 1711 2227 Artatus,
1733 2183 1792 2222 cum
1813 2186 1870 2224 eam

219 2253 337 2315 malane
346 2249 505 2318 doctarhumi
515 2256 563 2305 est.
572 2248 637 2299 idern
649 2260 747 2359 auoque
759 2254 851 2309 martyr
861 2245 1019 2310 insuperuis,
1071 2230 1157 2283 Mem
1169 2229 1341 2311 'alapisque
1356 2240 1461 2300 teperet,
1477 2231 1586 2310 patitur.
1602 2230 1772 2305 Subscripsit
1781 2238 1806 2294 el
1818 2239 1871 2297 lle-

221 2315 324 2366 lustruit
334 2313 375 2362 bic
388 2311 510 2374 homines,
520 2311 588 2361 illinc
599 2312 639 2374 pia
666 2322 714 2359 oua
724 2309 901 2372 datpatronus.
1072 2297 1131 2355 leda
1143 2298 1169 2353 lit
1181 2297 1366 2353 additionibus
1380 2301 1412 2352 atl
1426 2297 1571 2353 Maximino
1588 2299 1664 2356 :tine
1680 2314 1803 2376 tempore,
1817 2309 1867 2378 all,

1074 2369 1126 2423 duo
1141 2368 1232 2423 Seueri
1248 2366 1452 2423 barcinonenses
1464 2371 1578 2440 episcopi
1594 2381 1730 2442 iriartpres,
1743 2393 1801 2431 cuni
1813 2380 1870 2448 plo-

255 2440 283 2494 7.
303 2436 419 2507 Ttrripii,
439 2443 493 2491 etc.
513 2434 633 2491 loannes
651 2434 774 2491 llolanus
789 2434 816 2489 in
837 2432 1022 2490 additionibus
1073 2439 1309 2494 riumiracularaiu
1322 2448 1345 2491 at
1361 2439 1442 2511 alpais
1456 2440 1578 2493 alicuiitur
1590 2441 1709 2508 clai·ere;
1724 2448 1811 2501 senior
1822 2455 1870 2505 sut

220 2509 253 2565 ad
268 2508 731 2571 Usuertlum,tnetninitsanctorum
747 2515 895 2576 martyrum
909 2504 1020 2568 Felicis,
1074 2507 1237 2564 Diocletiana
1256 2506 1372 2570 claruit,
1394 2510 1459 2562 alter
1483 2509 1529 2562 siti
1553 2510 1731 2570 Carteiensium,
1759 2515 1796 2571 [ip
1822 2532 1867 2575 η.

219 2578 283 2637 etit
319 2580 370 2633 tilae
380 2577 485 2646 Turlgii
500 2591 548 2631 seu
560 2576 667 2647 Torego
680 2591 821 2644 passarani
835 2576 887 2629 sub
902 2577 944 2629 liis
959 2590 1021 2629 rer·
1074 2582 1145 2633 niori
1160 2589 1243 2652 agunt
1257 2578 1367 2633 llaisaeus
1383 2580 1410 2634 in
1425 2578 1525 2634 claron.
1544 2598 1609 2636 aiiii.
1624 2582 1691 2647 50ος
1706 2582 1869 2645 Laurentius

219 2652 261 2709 bis
275 2593 404 2722 :obstrepe
422 2646 510 2702 natale
526 2648 683 2703 satiatorum
699 2647 796 2701 Felicis
811 2656 834 2700 et
846 2645 962 2717 llapultn.
975 2647 1035 2701 Est
1074 2648 1187 2714 Padilla,
1203 2649 1359 2706 Thesaurus
1371 2648 1616 2721 Cotiaioiiatorutit,
1628 2663 1656 2708 et
1668 2652 1785 2727 Villegas
1799 2657 1870 2718 oilie

220 2734 311 2794 sptem
325 2719 462 2789 'lurepnni
485 2717 716 2790 (bodieTorrip'os)
732 2722 759 2772 in
769 2717 914 2773 Celtiberia
927 2720 1020 2786 situm,
1074 2720 1238 2777 Nouembris
1253 2738 1259 2773 :
1273 2721 1390 2789 juttioris
1405 2736 1470 2776 aare
1490 2722 1517 2775 in
1540 2721 1663 2780 Romane
1676 2724 1870 2799 blartyrolapia

219 2788 367 2848 duodecim
386 2788 507 2845 millibus
531 2803 677 2856 passuum,
696 2804 743 2845 scit
760 2798 875 2856 ituatuor
892 2788 1022 2857 hispanis
1074 2791 1133 2846 dies
1159 2790 1323 2856 celebrator,
1345 2789 1396 2846 snb
1420 2791 1462 2846 liis
1478 2791 1568 2848 uerbis
1586 2812 1592 2848 :
1613 2793 1759 2853 barcinone
1783 2804 1869 2858 sancti

219 2862 306 2920 leucis
322 2862 458 2916 distensa
473 2859 583 2925 bituiti.
599 2875 647 2915 seu
662 2858 823 2930 000αο00,
841 2868 935 2913 notum
955 2859 1022 2913 satis
1075 2861 1164 2918 seueri
1180 2862 1293 2935 episcopi
1316 2872 1340 2917 et
1364 2865 1500 2933 martprir,
1518 2864 1561 2933 qai
1575 2864 1606 2919 ol
1619 2865 1699 2937 priam
1712 2872 1870 2928 amiaticam

219 2953 236 2989 o
256 2932 364 3006 pidum.
382 2932 419 2986 lbi
439 2929 575 2997 hodieque
590 2930 763 2986 celeberrimi
780 2928 916 2985 habentur
929 2932 1016 2984 sancti
1075 2929 1147 2988 clauo
1160 2933 1188 2986 in
1202 2932 1425 3003 capitecortfosso,
1443 2934 1562 3005 niartpti'i
1575 2952 1696 2991 eoronam
1706 2942 1813 3010 aceepit.
1825 2943 1870 2999 lu-

220 2953 323 3062 ebriati
347 3012 496 3074 martyres,
516 2998 618 3070 [legata
635 3010 662 3055 et
678 3000 771 3066 Felix,
793 3009 822 3055 et
835 3015 933 3083 ¹eorum·
950 3000 1019 3083 reli·
1034 2967 1057 3027 B
1073 3004 1178 3068 olorem
1191 3016 1255 3058 reto
1272 3018 1346 3070 usse,
1360 3004 1404 3073 qui
1419 3004 1500 3058 clato
1518 3008 1545 3060 in
1560 3008 1650 3076 capite
1664 3012 1773 3066 conlixo
1787 3027 1868 3070 occu·

219 3079 292 3148 quiae
308 3075 352 3144 pie
366 3085 514 3128 asservatae
526 3082 688 3126 teuorantiir
705 3087 756 3126 iioti
770 3069 876 3126 modico
890 3070 1019 3127 finitimo·
1073 3074 1147 3139 buit,
1163 3072 1229 3127 satis
1249 3072 1391 3128 deducitur
1411 3090 1444 3129 ex
1462 3076 1568 3128 hlotario
1587 3078 1613 3131 ln
1632 3077 1815 3136 additionibus
1834 3085 1869 3139 ad

220 3162 280 3202 ruiti
298 3143 460 3216 populorum
476 3156 626 3196 concursu:
643 3151 671 3196 et
687 3142 747 3195 iniis
767 3158 814 3196 seu
832 3142 905 3195 laetis
922 3141 1020 3209 perdit·
1071 3142 1239 3207 Usuarduni,
1262 3159 1324 3198 naut
1345 3145 1371 3197 in
1388 3145 1473 3211 priori
1490 3145 1670 3211 iiirpressiuue
1684 3147 1770 3219 inquit
1786 3149 1870 3207 :Fuit

221 3226 273 3284 ιιι,
285 3216 333 3271 uhi
345 3212 453 3279 incolae,
473 3212 620 3267 traditione
633 3229 646 3265 a
663 3212 810 3281 titujoribus
834 3219 956 3279 accepta.
974 3227 1016 3266 re·
1072 3213 1112 3265 lala
1122 3211 1187 3268 ¹titius
1198 3213 1233 3266 il)
1246 3214 1435 3282 episcoporum,
1451 3213 1495 3282 qui
1507 3213 1575 3284 lepes
1588 3215 1712 3271 enituere
1726 3222 1753 3273 i'n
1766 3217 1870 3289 llispa·

223 3290 483 3356 teruataiartpres,
501 3292 529 3337 ut
549 3284 751 3350 cruciarentur,
772 3283 922 3335 iiiiiitissos.
941 3281 974 3336 Et
992 3280 1018 3336 id
1071 3285 1115 3336 nia
1140 3281 1319 3336 condiderunt.
1349 3281 1400 3335 llic
1423 3301 1439 3335 a
1463 3283 1731 3353 leotheria-Gothicis,
1759 3291 1868 3355 puilia·

221 3372 272 3431 epo
284 3370 302 3414 a
315 3353 388 3412 lidell
400 3354 544 3410 adoindum
560 3355 618 3408 eive
634 3354 736 3424 accepi,
752 3367 813 3406 cnm
828 3350 891 3406 illae
906 3349 1020 3407 lloinam
1072 3354 1216 3407 talaucium
1236 3353 1392 3422 iricoleharit,
1409 3354 1483 3408 clato
1499 3356 1582 3423 eapite
1602 3355 1721 3426 confosso
1741 3362 1868 3431 martpria

223 3430 275 3488 iter
286 3428 435 3498 dirigerem
450 3440 522 3480 anno
544 3423 624 3479 tout.
646 3422 791 3493 lleperitur
811 3424 838 3477 in
852 3423 938 3478 sancti
955 3420 1021 3477 Not·
1071 3432 1209 3478 coronatur
1223 3438 1291 3476 auito
1306 3421 1401 3477 Christi
1416 3423 1479 3479 685.
1496 3424 1611 3480 Fabitur
1637 3435 1726 3484 tantan
1747 3432 1773 3483 in
1797 3433 1870 3487 desl-

222 3497 283 3557 leri
299 3495 495 3569 uartyrntapn
514 3494 573 3549 lime
595 3495 695 3550 nobilis
714 3494 835 3563 ipsorum
854 3493 983 3548 memoria
1002 3494 1020 3547 5
1072 3495 1179 3561 ptiando
1193 3508 1265 3548 sntio
1277 3494 1336 3564 ejus
1355 3496 1489 3566 martyrii,
1506 3505 1533 3549 nt
1547 3510 1580 3551 et
1597 3497 1697 3553 beatio
1711 3508 1739 3555 at
1753 3500 1869 3560 lleixinio

221 3571 284 3628 iilos
295 3567 485 3634 Septembris:
501 3565 631 3620 b'atioitas
644 3574 795 3620 sanctoruni
807 3573 951 3636 martprum
966 3561 1020 3617 re·
1071 3565 1198 3620 uidimus.
1215 3565 1243 3618 ln
1257 3565 1401 3633 posteriori
1414 3581 1480 3621 reru
1496 3565 1675 3637 impressione
1686 3569 1804 3626 llstiardi
1824 3589 1870 3628 sn·

221 3641 282 3697 lt'cr's
296 3647 322 3695 et
336 3635 444 3708 Repetite
458 3638 555 3691 sororis
566 3638 634 3705 ejus.
647 3635 772 3690 Proedieti
782 3646 906 3704 martyres
915 3634 947 3689 de
957 3650 1020 3689 con·
1072 3636 1126 3692 lum
1136 3635 1205 3690 dixit
1217 3653 1225 3692 :
1239 3633 1386 3690 biremem
1400 3638 1495 3692 natalis
1510 3640 1592 3692 sancti
1612 3638 1703 3695 Seueri
1721 3644 1835 3714 episcopi
1845 3654 1871 3700 et

220 3710 306 3767 sortt'o
318 3701 441 3764 Bouritil
456 3717 479 3760 et
490 3708 619 3763 saciat-uni
638 3709 695 3776 ejus
710 3723 755 3777 per
772 3716 846 3760 rosto
859 3706 940 3759 aienti
962 3720 1020 3771 aare
1071 3707 1203 3777 martyris,
1213 3708 1256 3776 arti
1270 3723 1287 3759 a
1300 3704 1392 3761 Gothis
1404 3708 1476 3762 clauo
1488 3710 1572 3775 cupite
1583 3719 1620 3763 est
1635 3715 1779 3780 confossus.
1793 3712 1867 3768 ldeiti

219 3780 335 3838 watto
348 3787 454 3833 uocatur
467 3779 600 3832 tendentes
619 3780 794 3846 inpostea...
814 3776 980 3838 deverterunt,
996 3786 1019 3830 et
1072 3779 1154 3833 hahet
1164 3777 1309 3832 Galesinns
1324 3777 1395 3831 diet
1410 3777 1582 3833 Nouembris.
1604 3780 1711 3835 Accidit
1725 3790 1815 3834 tamen
1838 3789 1870 3836 ut

217 3853 250 3908 ite
260 3848 376 3923 quodnisi
395 3847 539 3920 letojuata
564 3849 705 3918 fluuium...
735 3845 1020 3969 subsistentes,oi'gr'liis
1073 3862 1106 3901 er
1133 3845 1315 3902 similitudine
1330 3848 1450 3903 nominis
1471 3861 1541 3903 unus
1564 3847 1690 3916 idemque
1715 3858 1867 3918 reputatus,

214 3920 391 3994 preciosaque
404 3936 463 3974 cum
477 3920 547 3973 omui
560 3920 665 3989 pietatis
680 3918 768 3972 atutlia
789 3932 898 3985 operam
911 3914 945 3968 da
962 3924 1019 3970 aut.
1072 3917 1210 3972 diceretur
1222 3925 1278 3970 tum
1293 3918 1319 3969 in
1329 3915 1489 3971 biocletlani
1504 3918 1704 3985 persecutione,
1718 3922 1869 3977 tumeliam

217 3994 296 4048 oum
309 3992 364 4046 tec
384 4007 400 4043 a
421 3990 592 4045 sanctissimis
611 3998 751 4060 aquantur
766 3987 912 4058 penmonis,
924 3986 1021 4041 adsunt
1072 3989 1152 4043 clitro
1162 3987 1284 4043 conlisus
1295 3988 1385 4056 eapite
1398 3995 1545 4042 coronatus
1555 4007 1563 4043 ;
1575 3997 1603 4042 et
1616 3989 1651 4042 ita
1665 3991 1797 4059 usquead
1811 3991 1868 4048 lec·

215 4062 312 4120 mul
325 4061 523 4133 elimatissima
544 4058 726 4116 llaeiiiiitiana
742 4058 851 4124 directi,
866 4067 896 4111 ut
915 4066 1020 4111 sanctos
1072 4058 1177 4114 ctioncs
1203 4056 1333 4112 Brcriarii
1355 4056 1565 4114 barcinonensis
1590 4060 1717 4116 mendum
1745 4055 1866 4134 irrepsit.

214 4131 275 4192 bet
295 4132 337 4187 ool
352 4133 430 4187 idalia
443 4131 592 4201 sacrificare
619 4130 814 4197 compellerent,
829 4129 868 4182 ael
882 4128 1020 4183 'tormentis
1073 4128 1150 4185 Prior
1167 4128 1261 4184 hahuit
1277 4128 1542 4199 quatuorderim,
1559 4137 1587 4185 et
1600 4131 1747 4203 agricolam
1761 4148 1864 4202 unum,

216 4220 267 4262 eos
280 4203 362 4260 mnis
376 4202 470 4271 punire
485 4218 537 4256 nan
552 4201 699 4270 differrent.
714 4199 787 4255 Beati
800 4200 880 4269 ipitur
893 4207 1020 4270 martpres
1074 4201 1182 4255 rioniiue
1195 4198 1374 4266 Emiteriuni,
1390 4201 1506 4257 catnltes
1519 4214 1644 4271 coronae,
1661 4212 1689 4258 et
1705 4205 1731 4257 in
1748 4205 1865 4276 quodam

214 4274 361 4344 semtteqir
370 4272 536 4345 petitionibus
546 4271 704 4341 fiducialiter
714 4274 869 4336 resistentes,
882 4270 910 4324 in
924 4275 1020 4340 terrear
1074 4272 1135 4326 loco
1145 4285 1229 4341 prope
1241 4269 1419 4326 barcinonem
1441 4269 1540 4327 Castro
1552 4271 1701 4328 Octaviano
1713 4284 1868 4346 nuncupato
1883 4295 1885 4297 ·

214 4355 299 4403 rotas
311 4344 371 4417 lpus
383 4343 521 4397 candentes
540 4343 701 4414 allipaittur,
716 4353 739 4396 et
761 4340 933 4409 ineffabilibus
948 4342 1056 4406 iaaac
1073 4344 1235 4413 martyrium
1246 4342 1328 4395 subiit
1339 4355 1507 4412 ,eorumque
1524 4342 1602 4397 sitnol
1617 4358 1733 4415 corpora
1757 4345 1867 4417 requie·

218 4432 275 4490 per
298 4415 433 4470 immeritis
451 4414 643 4470 excruciantur.
664 4413 701 4468 Aa
711 4411 744 4466 Β.
761 4410 862 4483 llepula
875 4412 1021 4537 rupem·
1071 4422 1150 4468 seunt
1165 4413 1191 4466 in
1203 4412 1319 4467 ecclesia
1331 4412 1417 4467 sancti
1429 4411 1605 4481 (locupletis,
1617 4416 1776 4483 posterioris
1786 4428 1869 4489 caput

219 4496 329 4545 mesae
343 4486 425 4556 piceni
438 4485 666 4555 iinpositaast,cui
677 4483 872 4538 etiamtattieiis
888 4483 932 4552 plu
995 4497 1020 4536 ot
1072 4484 1150 4539 eluro
1162 4483 1319 4538 coidossum
1341 4484 1367 4536 in
1381 4483 1496 4537 ecclesia
1516 4484 1612 4553 majori
1633 4498 1801 4542 asservatur.
1828 4488 1868 4543 be

221 4557 261 4614 tid
277 4554 424 4629 potandam
437 4571 454 4608 a
468 4556 591 4623 suintillae
603 4555 661 4610 duri
676 4564 712 4609 ert
725 4562 892 4626 preceptum.
907 4551 1022 4624 Campus
1073 4555 1176 4610 eisdem
1184 4552 1422 4623 seriblt'liupillus
1435 4553 1460 4604 in
1473 4553 1613 4608 Thesauro
1624 4558 1767 4621 concion,
1777 4558 1867 4613 etlla-

221 4628 310 4683 trullis
317 4626 503 4697 suppliciorum
511 4623 1020 4692 aeertirntttueactrieieuioeltipatui'a-
1075 4628 1140 4681 riete
1157 4639 1166 4676 t
1182 4639 1223 4690 p.,
1235 4623 1283 4677 tih.
1294 4638 1314 4687 t,
1326 4637 1386 4692 cap.
1401 4624 1453 4688 233
1466 4622 1600 4691 Mortales,
1616 4625 1664 4679 li'n.
1679 4641 1707 4692 x,
1722 4640 1783 4696 cap.
1797 4628 1825 4694 l,
1838 4638 1867 4682 et

222 4694 1023 4769 sntpuesosrmtearumcapitaaittputuri.Quasactotraiicati
1075 4694 1222 4750 riesisslmc
1240 4692 1330 4774 lepos
1348 4694 1375 4746 in
1389 4692 1526 4746 Chronico
1548 4693 1740 4760 Benedictino,
1754 4707 1826 4751 cent.
1838 4699 1866 4763 ὅ,

222 4767 641 4839 maetprmmbsciasacapi'taeuis
651 4765 768 4820 mamilus
780 4765 1023 4837 hejulanter,alaao
1075 4765 1108 4821 ad
1118 4778 1219 4819 annum
1230 4761 1330 4816 Christi
1344 4760 1408 4826 titt,
1424 4775 1483 4830 cap.
1499 4762 1525 4816 l.
1538 4761 1640 4820 llisitur
1656 4763 1868 4838 liodicquellar·

226 4841 275 4896 ridi
285 4835 409 4904 decollati
418 4846 495 4903 erint,
511 4837 602 4892 culitis
613 4836 801 4907 auinquapintu
817 4838 1022 4908 deportaturum.
1075 4833 1277 4893 cinonedomos
1289 4832 1320 4889 S.
1332 4831 1436 4897 Seueri,
1452 4832 1584 4901 utercdo,
1593 4833 1720 4904 junioris.

264 4909 301 4970 8:
317 4905 500 4976 Theodosius,
513 4917 567 4964 ete.
580 4908 629 4963 llic
649 4910 696 4964 ille
710 4908 750 4980 (ut
765 4906 840 4978 reor)
853 4907 1024 4963 Theodosius
1112 4906 1156 4963 ll.
1177 4903 1342 4976 he‘ntripe,
1358 4901 1488 4959 etc.'Sire
1501 4906 1591 4960 matis
1610 4904 1760 4979 Deobripte,
1776 4917 1807 4965 ul
1820 4910 1866 4969 alli

226 4987 286 5048 est,
300 4976 380 5048 cuius
395 4978 497 5035 bertier
510 4978 537 5033 in
553 4979 738 5048 superioribus
752 4992 817 5032 ann.
830 4976 883 5033 tho
893 4978 1025 5033 memine·
1076 4977 1187 5034 hahent.
1207 4924 1279 5031 boas
1295 4975 1376 5046 hujus
1392 4975 1509 5031 nominis
1522 4976 1603 5032 urbes
1618 4981 1682 5033 otini
1698 4979 1724 5033 in
1739 4979 1867 5054 llispauiai

227 5047 414 5119 rationalem
430 5066 437 5102 :
454 5048 667 5107 barcinonenses
682 5047 831 5119 proiecisse
845 5049 930 5118 gloria
945 5048 1027 5103 mira·
1077 5048 1229 5113 exstitisse,
1253 5055 1348 5102 auctor
1366 5055 1410 5103 est
1428 5046 1607 5114 Ptolomaeum
1629 5049 1744 5104 alteram
1759 5051 1868 5122 quidem

956 4541 960 4549 ι

229 5119 358 5182 solutum
371 5159 379 5185 ‚
394 5121 496 5176 uirtute
507 5118 637 5176 doctrine
650 5132 731 5192 atque
745 5121 877 5189 eretiiplis
892 5118 921 5176 S.
938 5116 1027 5172 Theo-
1079 5123 1105 5176 in
1115 5118 1273 5176 Vettonibus
1283 5118 1383 5174 veteris
1395 5116 1542 5173 Lusitaniae
1552 5131 1606 5173 non
1620 5118 1723 5190 lonpca
1734 5120 1809 5250 Tarpa
1818 5123 1870 5182 llu-

230 5192 304 5249 dosii
320 5191 454 5260 episcopi,
470 5205 524 5246 iiort
535 5191 704 5262 aliterquam
719 5190 842 5248 Toletani
855 5189 980 5246 doctrina
996 5187 1026 5243 S.
1079 5188 1501 5254 mine,ethtaantam;atteram
1518 5190 1752 5261 inhittriponibus
1791 5211 1871 5253 arar-

232 5261 362 5343 Rupetiii,
379 5263 457 5317 cu‘us
467 5261 653 5343 eratequalls
666 5271 695 5319 et
706 5261 822 5317 amicos.
842 5262 875 5317 tit
891 5275 965 5317 anuo
981 5259 1028 5323 tt,
1081 5276 1120 5316 rae
1135 5259 1385 5342 populis,'qua·loci
1400 5273 1471 5343 tiene
1483 5257 1523 5314 Tu
1546 5259 1600 5314 atta
1614 5269 1665 5328 est,
1678 5272 1725 5318 aut
1739 5280 1833 5338 propa,
1846 5267 1870 5323 si

233 5339 334 5390 userit
353 5333 384 5389 S.
404 5278 587 5389 dheodoeiuin
606 5333 690 5389 luisse
708 5332 856 5389 seeundum
870 5332 1028 5411 episcopum
1082 5331 1221 5387 Ptolomaei
1244 5337 1355 5411 situatio
1373 5328 1474 5401 aliquid
1490 5345 1521 5383 ra
1535 5337 1572 5387 et.
1589 5331 1618 5387 ln
1632 5347 1684 5402 qua
1696 5347 1761 5392 raro
1776 5345 1870 5393 earum

234 5401 476 5469 barcinonensem,
492 5412 585 5471 utpote
598 5403 744 5461 &hitherii
757 5400 1030 5472 discipupulorum
1082 5401 1213 5482 niartyrlo
1225 5410 1349 5455 coronati
1369 5398 1468 5455 luerint
1480 5399 1531 5457 SS.
1546 5401 1639 5476 Lupus
1656 5411 1684 5459 et
1698 5404 1870 5475 Saturninus,

235 5475 352 5558 apostoli
373 5487 584 5543 successorem,
600 5475 788 5547 celebrarique
811 5473 829 5529 ll
849 5473 960 5530 kalend.
976 5471 1029 5529 l'e·
1083 5487 1136 5529 nen
1151 5484 1237 5526 ausim
1253 5468 1469 5556 albamare,cum
1484 5473 1510 5554 id
1523 5472 1683 5529 hesternon
1694 5469 1872 5559 capre—serit.

235 5545 352 5674 “bug
370 5613 532 5699 Prmaellius,
547 5626 599 5674 ete.
616 5618 655 5675 be
666 5616 831 5689 llipponensi
844 5617 912 5699 ttrite
926 5616 953 5671 in
963 5614 1032 5670 Gar·
1084 5542 1173 5686 §geist
1186 5542 1473 5682 bllmlel'llecldlbssstibebl
1485 5542 1877 5699 pssehgomarigoet'ttaurriyemssreiso

236 5687 357 5760 petuma,
368 5685 483 5770 carues.
495 5686 651 5769 Precellius
662 5690 806 5755 eratciris,
821 5701 927 5760 egimus
938 5686 970 5741 ad
985 5699 1033 5740 au·
1086 5700 1117 5742 se
1128 5692 1279 5771 martyres,
1295 5686 1624 5769 ponuntur-nihilominus
1642 5695 1713 5743 inter
1728 5695 1873 5756 martyres.

238 5756 380 5825 numm,
393 5757 475 5840 hodie
492 5755 764 5830 llrepeenuitcupata.
842 5829 848 5841 .
1046 5721 1158 5813 1)ιιιιιι
1174 5757 1315 5840 liparitanus
1326 5768 1461 5840 expressit
1472 5758 1591 5823 lihrort,
1609 5769 1670 5823 cap.
1690 5753 1750 5815 lib,
1763 5765 1877 5811 inumera

271 5823 319 5889 lt).
340 5825 488 5885 barcinone
501 5839 607 5887 mustus
620 5830 740 5903 Seuerus,
754 5839 808 5888 etc.
818 5828 868 5887 but
879 5838 907 5887 et
919 5825 1036 5885 multum
1089 5827 1154 5897 288,
1167 5826 1209 5883 liis
1220 5828 1309 5885 tarbis
1324 5845 1331 5882 a
1345 5827 1502 5885 Saturninus
1517 5836 1539 5885 et
1556 5825 1645 5894 Lupus
1668 5832 1794 5892 martpres
1807 5833 1879 5896 paru
