4192 6434
184 421 186 424 ⁴
223 342 288 403 aaa
756 327 982 399 dunrrr‘uuctt
1000 329 1131 396 nexant
1148 323 1358 410 aasumensi.
1466 328 1474 343 ·
1830 319 1885 396 ito

172 533 189 544 ,
227 460 269 521 Α.
281 456 376 520 uit.
412 454 444 517 S.
471 451 637 515 Hierotbettt
656 453 769 512 natione
792 455 950 528 Hispanas,
970 469 1052 529 quem
1066 467 1082 511 a
1095 452 1182 512 Paulo
1201 465 1366 510 conuersum
1380 446 1509 525 discipuli
1528 445 1571 507 sui
1587 445 1755 521 Dionysiid.
1771 445 1808 507 it.
1822 449 1887 508 822.

849 563 978 622 BlVdel
995 561 1277 622 COMMENTARIUS.

232 675 325 734 cerat;
337 679 392 736 aas
402 663 431 722 in
441 665 556 722 munere
570 659 711 720 sexdecim
730 673 818 716 annos
830 657 987 729 insumpsit,
1000 657 1035 713 ab
1048 658 1076 720 Α
1089 658 1147 725 quit
1158 655 1203 711 die
1212 656 1249 711 23
1261 652 1433 724 Septembris
1447 651 1497 709 :ln
1510 651 1651 727 Hisponis,
1666 659 1817 710 rsuctmum
1829 671 1889 711 rnu-

234 755 308 798 annn
322 739 357 795 68
371 737 448 794 necis
462 733 590 803 Pauli,a
626 746 659 789 ue
672 732 706 788 ad
720 732 755 787 et
767 729 863 787 mortis
876 726 1035 796 Timothei,
1089 727 1182 784 lierurn
1196 724 1338 798 xantippe
1353 734 1379 782 et
1390 724 1549 798 Polyaenus,
1564 739 1622 794 que
1637 725 1742 796 {smum
1755 726 1890 797 apostolo-

233 811 345 884 quarrdo
359 810 419 879 ipsc
432 804 565 878 peculiari
576 805 615 874 Hp
638 803 757 859 esiorum
769 799 901 857 Ecclesia
913 798 1037 856 addictus
1086 817 1147 856 rum
1161 797 1308 867 discipule.
1323 797 1362 853 ile
1376 795 1499 854 Onesimi
1510 796 1644 867 martyrio
1656 795 1717 865 leue
1732 796 1890 869 tteupnra·

235 879 442 941 iue'usloeum
457 876 661 1004 mimuw'p
711 941 802 998 ..Ἡ
836 941 890 999 M
910 941 952 996 ὴ,
986 940 1002 998 d
1087 879 1158 998 zum
1189 869 1264 995 aqud
1284 867 1397 926 Surium
1420 865 1577 925 tontolet
1598 866 1759 924 Galesiuum
1787 868 1815 924 in
1839 882 1890 926 sun

298 950 425 1008 tuideas
469 963 503 1003 uo
542 960 615 1003 anno
663 959 749 1000 omrnr
819 957 834 997 a
892 955 970 997 cara
1004 957 1037 999 e·
1117 950 1158 998 nrt
1178 953 1295 1010 unoquo.
1617 970 1622 979 ι

235 1022 391 1087 scendens,
404 965 467 1077 surg
486 1019 590 1076 sanetis
603 1014 758 1086 virginibus
769 1014 818 1069 Pol
856 1027 909 1070 ena
921 1022 949 1068 et
968 1011 1036 1070 Sara
1124 958 1202 1069 bys.
1217 1011 1390 1076 Hieroclem,
1402 1018 1457 1068 ete.
1476 1011 1529 1080 Qui
1540 1010 1622 1083 plene
1635 1007 1720 1082 hujus
1733 1009 1819 1067 diuini
1835 1010 1891 1067 ilo-

236 1097 265 1154 in
277 1093 436 1165 Hispaniam
448 1086 639 1162 peregrinandi
656 1094 766 1157 tempus
779 1093 805 1141 et
830 1099 910 1140 neum
924 1083 1036 1148 babuit,
1089 1084 1174 1141 cteris
1194 1083 1321 1153 spiritum
1344 1082 1448 1139 callere
1467 1083 1545 1166 cupit
1557 1123 1565 1147 ,
1592 1081 1665 1151 leuat
1684 1080 1716 1137 S.
1729 1079 1890 1155 Dionysium

234 1167 312 1240 turra
336 1164 430 1221 Dextri
443 1162 572 1232 placitam
585 1202 592 1226 ,
606 1156 679 1229 quod
699 1172 734 1212 ex
748 1154 945 1225 praedieatione
959 1153 1039 1210 Pauli
1089 1155 1149 1240 (qui
1163 1153 1223 1225 ejus
1237 1152 1358 1228 primum
1373 1154 1425 1210 sub
1437 1153 1514 1227 Paula
1531 1150 1651 1280 aquostoli
1661 1151 1807 1235 disciplina
1820 1167 1892 1210 eon·

236 1242 266 1296 in
280 1235 411 1307 Hispania
425 1232 513 1288 iuleiri
530 1236 622 1300 potest
636 1226 696 1298 (ubi
709 1227 783 1283 enim
798 1226 844 1283 ille
855 1267 863 1294 ,
876 1224 971 1282 illicet
985 1224 1039 1281 iste
1089 1225 1264 1294 discipulus,
1287 1233 1317 1281 et
1339 1224 1514 1296 postmodum
1559 1222 1691 1294 iserputus
1714 1222 1787 1295 lrut)
1806 1224 1832 1280 in
1855 1239 1892 1282 eo

237 1304 417 1381 predicavit)
443 1311 471 1359 et
493 1316 526 1357 ex
548 1299 677 1356 sociabus
693 1297 857 1368 assumptis,
872 1311 938 1366 quas
952 1296 979 1352 in
993 1294 1040 1352 Hi·
1089 1312 1171 1366 quem
1183 1296 1219 1352 de
1232 1294 1332 1352 divinis
1346 1295 1506 1352 nominibus
1520 1295 1606 1351 edidit
1617 1293 1700 1350 libro.
1715 1293 1750 1350 Et
1763 1310 1831 1352 sane
1844 1297 1890 1353 rel

237 1374 429 1458 spaniambnc
443 1382 568 1498 temqore
579 1366 751 1441 perrexisse,
768 1368 864 1453 suadet
877 1367 1039 1451 firmorum
1090 1367 1147 1452 sola
1170 1368 1237 1452 tanti
1258 1366 1384 1451 discipuli
1406 1365 1494 1438 gloria
1520 1365 1623 1423 clarum
1645 1379 1709 1421 curn
1727 1365 1837 1423 abunde
1850 1366 1893 1425 le·

236 1438 1041 1594 ittltttttiiuiiiiiitititiuiltlilttt
1090 1436 1895 1593 iiiiitltlitiittl..ititlf‘iijtttii’tit

239 1590 263 1649 it
271 1589 395 1647 Lection.
405 1586 576 1656 antiquarum
586 1579 801 1637 chrrerGunrsn
816 1587 924 1635 exstat:
940 1577 1041 1633 Eodem
1091 1590 1289 1635 esmcrtutrones
1300 1587 1324 1633 et
1334 1579 1488 1653 drscrplrnas
1498 1597 1514 1634 a
1525 1579 1559 1634 tt.
1571 1586 1726 1650 percepisset
1737 1577 1895 1648 Hserorlteo,

240 1663 284 1718 die
294 1657 389 1714 natulis
399 1665 549 1713 scammum
558 1649 873 1724 mulierumXantippoeet
886 1648 1039 1720 Polyxene,
1093 1658 1116 1706 et
1130 1651 1158 1704 in
1170 1652 1267 1717 uerbo,
1296 1659 1320 1705 et
1342 1651 1369 1705 in
1391 1654 1444 1705 uita
1463 1650 1495 1705 ab
1509 1667 1539 1706 eo
1554 1650 1701 1717 doceretur,
1715 1651 1795 1705 etiarn
1809 1655 1896 1707 sancti

240 1727 474 1807 querudlmperio
483 1724 590 1780 Claudii
603 1722 714 1778 iioesoris
721 1738 753 1776 ee
763 1720 892 1794 Hispanis
899 1736 979 1793 qenes
992 1721 1042 1774 du·
1093 1718 1213 1785 Spiritus
1224 1723 1432 1777 comntunionenr
1447 1725 1478 1776 ab
1493 1738 1523 1776 eo
1541 1722 1723 1793 consequitur,
1738 1729 1766 1776 et
1777 1721 1897 1780 ilicltsci

239 1789 1042 1870 eentis,·XantippeqsidemapostslsnsPaulumadHispanos
1093 1790 1248 1864 Siugellus:
1277 1790 1309 1846 ln
1324 1790 1462 1847 Hierotlrei
1477 1792 1565 1847 diuino
1578 1793 1685 1846 numine
1698 1793 1808 1863 optimam
1823 1810 1896 1864 prm·

242 1861 1042 1950 CltristiEuanqeliumproedicsnlemaudiuit:quippequisiro
1094 1863 1205 1946 septaris
1218 1863 1260 1945 sai
1275 1862 1441 1988 duciqulinant
1459 1862 1626 1947 retradidit,
1643 1873 1665 1945 et
1681 1863 1707 1916 in
1723 1864 1839 1947 eiusdem
1851 1865 1897 1919 ui-

202 2071 204 2077 ,
241 1944 316 2071 iii·
332 1938 429 2067 itit
438 1937 542 2063 illul
555 1929 1045 2086 :littttltlttt‘uilltd
1059 1933 1899 2097 ,titi.illiti:ibtttiidiltittiiitititi

244 2084 298 2141 bru
313 2031 489 2151 sslrilippum,
506 2088 635 2152 postremo
657 2074 788 2130 Andrean
809 2072 973 2156 apostolam,
1000 2090 1045 2147 qru
1099 2085 1161 2143 past
1186 2089 1200 2130 a
1222 2077 1346 2144 asinius,
1369 2083 1486 2132 eeteros
1509 2075 1639 2132 Ecclesiae
1662 2075 1790 2132 doctores
1812 2077 1898 2148 longo

242 2171 301 2212 eum
311 2152 463 2226 baptisavit,
477 2151 505 2205 in
520 2147 622 2204 Grecis
634 2147 870 2211 suspendentem,
886 2160 969 2199 uarro
982 2160 1048 2214 qao-
1098 2090 1242 2203 interuallo
1266 2160 1430 2216 superasse,
1457 2146 1527 2203 adeo
1541 2155 1572 2203 ut
1589 2149 1676 2216 ipsum
1697 2145 1833 2202 Hieratirei
1846 2162 1898 2205 no·

245 2228 308 2282 dsnr
325 2232 441 2297 raptum,
455 2220 514 2288 sed,
533 2218 582 2274 Dei
600 2233 648 2291 ope
660 2218 815 2291 adjurante,
836 2215 944 2270 minime
959 2231 1049 2270 eorru-
1098 2232 1161 2274 men
1183 2218 1334 2283 meruerit,
1358 2217 1432 2291 quud
1454 2232 1528 2272 soem
1543 2216 1615 2272 dieas
1640 2216 1897 2288 interpretaturum

243 2307 338 2371 mern:
355 2306 527 2349 reomensem
544 2292 573 2345 in
590 2288 732 2362 Hispanias
745 2303 803 2341 crrn
818 2286 919 2359 uirqine
933 2287 1048 2357 quadum
1099 2288 1228 2345 nimirum
1249 2287 1373 2354 ratione,
1397 2288 1471 2358 quod
1490 2303 1526 2344 ex
1541 2287 1643 2358 Bsilice
1663 2286 1712 2343 Dei
1724 2299 1783 2344 scta
1798 2288 1896 2362 (rerba

244 2367 352 2423 nomine
375 2363 511 2427 Rebecca,
535 2374 630 2434 qenere
639 2359 736 2415 iudea
749 2398 757 2424 ,
768 2357 867 2414 inuenit
885 2355 1047 2428 xantippem
1098 2369 1160 2416 sunt
1178 2358 1312 2433 Dionysii)
1313 2376 1373 2484 quo
1386 2360 1564 2432 unnsquisque
1574 2374 1622 2432 pro
1634 2359 1757 2425 facultate
1769 2376 1817 2414 see
1832 2359 1898 2416 Dei·

245 2453 361 2495 sororem
373 2430 652 2502 sistetumspleudore
666 2431 821 2502 [uiuentem.
845 2426 939 2499 ltaque
950 2430 1049 2484 multoe
1099 2430 1300 2503 formiseoudit,
1332 2432 1351 2485 ti
1361 2431 1448 2502 plures
1459 2430 1610 2502 efficiuntur.
1627 2430 1733 2486 ldsune
1741 2431 1899 2488 mirabiliter·

246 2511 367 2565 docentes
388 2503 486 2559 Cirristi
506 2501 585 2573 fidem
605 2501 634 2555 in
657 2517 722 2574 poce
746 2500 910 2572 quieverunt.
935 2498 999 2556 Haec
1019 2507 1048 2554 ut
1099 2502 1289 2572 contemplatus
1303 2503 1448 2557 eommunis
1463 2504 1509 2557 iile
1523 2510 1610 2556 noster
1621 2502 1837 2575 preceptorisqse
1850 2519 1899 2557 no·

245 2579 303 2635 dixi
316 2621 325 2648 ,
340 2593 373 2633 ex
394 2573 489 2632 sirleti
512 2571 689 2642 menologio,
724 2572 751 2626 ui
773 2577 867 2626 tamen
888 2582 943 2625 non
963 2571 1047 2626 vertit
1099 2573 1147 2628 stri
1161 2569 1224 2626 Due
1240 2572 1373 2645 (loquitur
1383 2572 1419 2628 de
1433 2572 1536 2638 Paulo,
1553 2587 1603 2628 suo
1616 2581 1645 2628 et
1658 2572 1798 2629 Hierotlrei
1813 2573 1900 2644 mapi-

245 2656 350 2708 teatum
361 2646 486 2705 Graeeum
495 2644 530 2700 ad
540 2644 665 2707 uerbum,
733 2641 949 2713 paraphrastice
960 2639 1048 2697 etboc
1098 2642 1169 2715 stro)
1184 2642 1239 2697 lroec
1253 2644 1279 2697 in
1292 2645 1389 2697 soractis
1402 2642 1583 2712 litterirruirtl
1597 2642 1790 2716 Corintlrnnr)
1803 2644 1899 2699 diuini·

243 2719 412 2790 locoparum
423 2715 550 2782 feliciter,
569 2728 631 2769 narn
642 2712 735 2769 emisit
754 2710 905 2768 adrentum
927 2711 1048 2767 onesimi
1099 2722 1139 2769 tas
1153 2714 1262 2785 efflatur
1275 2714 1335 2768 sit:
1352 2713 1421 2769 Sunt
1443 2716 1489 2786 qui
1508 2715 1629 2770 dicantur
1647 2714 1700 2783 dii,
1715 2717 1768 2770 sire
1781 2716 1809 2771 in
1822 2716 1900 2782 cels,

245 2806 309 2848 enm
322 2788 414 2860 illiain
426 2785 739 2867 Hispaniam,remsane
757 2781 1004 2849 nrsqnimomcnti,
1020 2791 1049 2838 et
1098 2784 1152 2840 riae
1170 2786 1198 2839 in
1217 2794 1286 2867 terro
1303 2783 1325 2855 (i
1341 2781 1402 2839 Cor.
1428 2786 1499 2848 rrrrl.
1525 2793 1579 2842 ete.
1604 2785 1682 2854 Quod
1704 2786 1729 2841 si
1752 2800 1787 2843 ex
1800 2787 1901 2856 majori

246 2859 480 2933 quaradamussim
491 2855 618 2925 plaertunr
627 2855 719 2910 beatu
731 2850 1050 2909 conurnarsertusre-
1100 2855 1144 2911 rel
1158 2854 1258 2912 mluurr
1279 2869 1392 2911 accessu
1408 2855 1442 2911 ad
1465 2857 1594 2912 lleiireum
1612 2856 1659 2912 liei
1675 2865 1768 2912 aetum
1782 2857 1844 2928 plus
1855 2856 1902 2914 rel

246 2926 571 2988 roGraeeusdererboad
581 2925 693 2981 verbnm
707 2921 965 2979 redditussiebabet
978 2921 1048 2978 :Eo-
1099 2926 1191 2982 miuus
1206 2927 1265 2997 quis
1276 2924 1422 2982 beiiormis
1447 2927 1558 2995 erudit,
1575 2935 1705 2999 quantum
1719 2928 1767 2984 iiie
1784 2928 1902 2984 aecemit

210 3005 212 3011 ’
248 3002 308 3058 dem
320 3002 372 3066 die,
388 3006 535 3055 sanctorum
549 2995 687 3051 mulierum
700 2993 842 3065 damippus
855 3005 881 3050 et
895 2994 1046 3066 Polyaenus,
1099 2996 1661 3068 suasuqusnsumuebettorrutsevasis,
1697 3000 1723 3052 ui
1740 2999 1903 3069 praeomni-

248 3088 370 3129 sororum
383 3068 553 3143 pendissent
564 3109 572 3135 ,
585 3082 687 3122 sorores
703 3063 827 3148 qemellus
840 3064 1006 3150 duntipqsm
1024 3075 1048 3120 et
1099 3067 1152 3125 bus
1175 3068 1409 3151 nomenclaturam
1432 3067 1594 3151 Hierotbei,
1614 3083 1662 3151 seu
1677 3013 1763 3126 ⁴decri
1783 3068 1831 3126 bei
1844 3068 1901 3126 sibi

249 3142 412 3215 Polyaenum
430 3140 503 3195 ebori
519 3139 673 3212 asquorum
691 3136 890 3192 cabuirtstrrces
904 3144 1047 3206 sommant.
1100 3139 1259 3210 specialiter
1271 3138 1404 3194 riudrearr
1417 3139 1590 3208 promerunt?
1603 3138 1672 3196 Vide
1691 3141 1743 3195 'am
1764 3155 1843 3212 quam
1854 3155 1904 3196 re-

248 3214 302 3272 Hae
312 3215 417 3286 [urunt
433 3227 467 3268 es
486 3209 668 3279 Hispanorum
680 3208 786 3278 reqione
801 3206 847 3261 rub
860 3205 973 3264 Claudio
990 3206 1046 3261 Ce-
1100 3220 1228 3266 verenter
1247 3209 1281 3265 de
1302 3209 1361 3279 ejus
1375 3209 1502 3265 doctrina
1526 3209 1671 3284 Dionysius
1702 3223 1818 3282 oquatur
1830 3226 1855 3267 c.
1871 3212 1901 3267 5.

250 3281 481 3356 sarerdsntippe
495 3280 598 3352 quidem
616 3275 990 3348 suitsaurl’roli,irominir
1005 3278 1049 3348 qai
1100 3281 1169 3336 Cum
1185 3280 1364 3350 praemisisset
1386 3295 1418 3336 se
1436 3281 1472 3336 de
1491 3279 1597 3337 [lirinis
1620 3282 1777 3338 nominibus
1796 3294 1823 3338 et
1854 3299 1904 3339 ro·

250 3357 425 3431 prirreipotum
435 3353 549 3425 reqionis
562 3351 705 3406 obtinebat.
718 3347 794 3433 'Haec
807 3358 894 3431 nsunt
907 3348 999 3402 edocte
1010 3357 1049 3432 est
1101 3350 1264 3422 prietatibus
1274 3361 1431 3420 auctorum,
1444 3351 1603 3423 uideretque
1614 3351 1649 3408 de
1659 3352 1703 3407 bis
1714 3368 1748 3422 qu
1786 3368 1820 3408 ae
1834 3297 1904 3410 aie-

248 3426 410 3497 sispostolo
420 3422 560 3494 Pauloqsi
572 3423 705 3496 reqionern
715 3416 970 3491 sllsmudriot5post
981 3408 1085 3476 otsarC
1102 3423 1227 3479 rntlreum
1243 3423 1319 3493 prius
1331 3423 1488 3494 scripsisse,
1507 3437 1542 3478 ne
1556 3424 1616 3492 quis
1630 3431 1756 3494 autsupe
1792 3440 1836 3493 ue,
1851 3434 1904 3481 aut

251 3510 340 3553 aurens
355 3505 379 3550 et
393 3495 431 3549 uir
445 3495 528 3564 ipsius
542 3493 664 3565 (scilieet
678 3490 714 3573 ab
725 3504 760 3546 eu
771 3490 884 3545 edoctus
899 3489 970 3571 est).
990 3489 1052 3572 P⁰·.
1101 3502 1262 3563 arroganter
1279 3509 1310 3548 se
1329 3492 1515 3548 laboraturum
1530 3494 1685 3559 existimet,
1705 3504 1803 3565 purpat
1819 3510 1850 3552 se
1866 3496 1903 3552 ab

253 3569 348 3640 larena
361 3562 688 3633 aetemrsptaaqsedsm
702 3559 832 3629 ruptulo,
844 3559 889 3614 sed
901 3569 989 3644 qratia
1000 3558 1051 3615 Der
1102 3563 1154 3618 buc
1175 3565 1310 3619 columnia
1336 3564 1481 3635 inquiens:
1507 3561 1670 3637 Purpurione
1692 3566 1802 3635 sardion
1825 3566 1904 3622 nodis

252 3639 402 3708 incurrrapta
424 3635 538 3699 mansit,
566 3640 592 3687 et
612 3633 674 3686 abu
694 3630 778 3686 aetolo
793 3629 901 3686 drudres
918 3631 1051 3699 baptizata
1102 3650 1118 3689 o
1136 3650 1166 3689 us
1177 3642 1225 3689 est.
1251 3632 1316 3688 Cum
1335 3636 1404 3689 eninr
1422 3635 1534 3706 inciqtua
1545 3644 1689 3705 prereptos
1701 3645 1788 3692 noster
1802 3635 1906 3693 Hiero-

252 3717 301 3765 est.
328 3706 422 3761 diuitis
447 3712 534 3759 nutent
556 3649 721 3757 cromanius
736 3716 783 3784 per
797 3701 884 3784 ipsam
895 3701 1050 3783 ,accipiens
1101 3652 1178 3760 ti'eus
1190 3704 1336 3775 tlreoioqicu
1351 3706 1478 3760 elementa
1498 3705 1653 3761 rrrirabiliter
1665 3707 1782 3778 prolecto
1794 3709 1905 3780 colliqe-

254 3794 340 3835 aeoum
356 3776 506 3831 Orresintum
521 3773 668 3845 apostolum
682 3771 791 3826 tetendit
806 3789 833 3826 ur
846 3779 959 3843 patrnam
974 3786 1050 3828 asans
1101 3787 1151 3838 ret,
1167 3776 1304 3830 mirabitur·
1317 3775 1427 3845 lustaus
1450 3775 1567 3846 uliquis,
1587 3794 1634 3832 cur
1649 3794 1714 3846 nos,
1725 3778 1801 3850 quusi
1813 3779 1904 3834 rudrras

253 3848 428 3920 Hirpunsnr
450 3855 475 3902 et
497 3853 556 3919 port
579 3844 676 3899 multus
694 3841 873 3914 nariqstisnes
894 3852 918 3898 et
931 3842 1051 3911 infinitas
1100 3846 1150 3901 ilis
1164 3847 1311 3917 sufficiunt,
1328 3855 1353 3899 et
1374 3846 1438 3901 olibi
1453 3856 1476 3902 et
1492 3847 1534 3901 iric
1548 3849 1694 3922 theoloqico
1714 3850 1905 3920 conscripseri-

251 3924 330 3994 [aqua
348 3935 408 3974 curn
420 3934 507 3974 secem
522 3917 639 3972 domaret
653 3913 813 3982 Hebecssnr,
829 3929 888 3996 cunr
904 3914 1052 3996 quubspti-
1101 3918 1184 3972 musi
1206 3916 1257 3973 Cui
1277 3917 1488 4003 nbjflnctlouibsie
1503 3918 1652 4002 salisiacit.
1668 3919 1840 4002 innumeri
1855 3920 1904 3976 iile

253 3988 549 4135 delituerit.
567 4003 647 4114 itit.
661 3983 1052 4140 {teribilietitltt
1101 3988 1903 4132 tttldliltttt..tt‘iitltttitt‘iittltlittii

254 4132 384 4187 miraculo
410 4138 522 4200 sperate
545 4127 579 4182 ud
603 4126 745 4181 Dornrnum
766 4134 951 4198 mrqrarerunt.
982 4125 1051 4182 Hrne
1102 4130 1177 4186 nime
1203 4129 1394 4198 descendens,
1415 4131 1487 4201 quod
1510 4132 1652 4188 altissimae
1672 4134 1815 4202 sapientiae
1840 4149 1905 4204 pro·

254 4202 342 4286 malta
356 4208 450 4256 notatu
461 4198 820 4280 dignaelicerenpossumus,
836 4195 965 4252 uidelicet
976 4195 1052 4252 Han·
1101 4201 1192 4284 prium
1214 4215 1277 4284 esse
1298 4200 1461 4286 Aristoteles
1477 4201 1591 4327 dueeq,
1617 4203 1734 4275 diperere
1752 4203 1903 4272 uoluisses,-

254 4281 364 4414 {iffi
382 4280 410 4327 et
433 4269 599 4397 Polgseuam
622 4267 707 4322 lursse
730 4279 841 4321 sorores
860 4265 1007 4337 gemellas,
1023 4276 1052 4323 et
1102 4271 1352 4344 purtrcuiurrbssqse
1377 4272 1545 4344 eupircstronr
1564 4290 1593 4328 us
1610 4273 1809 4346 unumquodque
1823 4276 1903 4330 rum.

366 4341 457 4398 uidens
494 4380 501 4394 .
519 4339 608 4395 Probo
620 4351 734 4393 uxorem
748 4335 839 4392 datam
851 4377 859 4404 ,
874 4335 944 4391 bane
956 4345 1050 4420 quiem
1102 4341 1239 4415 rneclsqr'oe
1253 4349 1331 4414 caput
1344 4343 1528 4414 disposuisset,
1545 4361 1686 4416 numquam
1702 4360 1749 4399 nos
1759 4346 1785 4399 in
1796 4355 1902 4401 rantum

256 4412 442 4482 permansisse
469 4410 617 4479 uirginem3
650 4421 744 4464 rursus
767 4406 854 4463 solam
884 4405 1049 4478 xantippem
1102 4412 1200 4483 [aruris
1214 4413 1254 4468 sel
1273 4413 1396 4469 rediistis
1416 4416 1613 4483 incidissemus,
1633 4425 1661 4470 st
1674 4417 1848 4488 perspicatius
1860 4419 1902 4472 sei

255 4484 342 4541 tuisse
353 4483 384 4540 S.
398 4481 476 4540 eunti
486 4479 668 4551 discipulam,
692 4489 720 4534 et
740 4478 801 4534 ideo
816 4478 844 4534 in
860 4478 1051 4549 superioribus
1102 4483 1213 4539 divinius
1227 4500 1305 4556 quern
1320 4483 1364 4538 ilie
1383 4484 1468 4542 tireoio
1487 4487 1527 4540 ica
1539 4497 1673 4560 penetrare
1684 4487 1807 4558 nrqlteria
1819 4487 1903 4558 confi·

256 4556 317 4626 ejus
330 4553 473 4610 dumtaxat
488 4552 645 4608 meminisse
660 4551 803 4620 Dextrum,
825 4563 887 4606 eum
902 4549 937 4606 dc
950 4550 1051 4620 praui·
1102 4555 1220 4610 derenrss
1230 4571 1239 4621 ,·
1250 4565 1295 4610 ost
1306 4555 1395 4610 eedem
1411 4556 1449 4610 lis
1476 4559 1568 4612 icendo
1580 4558 1713 4630 sapmplru
1727 4557 1830 4628 frustra
1844 4569 1903 4614 tra-

257 4626 367 4684 sasione
382 4624 458 4681 Pauli
474 4624 501 4680 iu
522 4623 662 4693 Hispaniis
677 4622 839 4692 loquebatur
854 4620 939 4693 (quod
953 4630 982 4677 et
998 4621 1051 4679 ile
1101 4634 1175 4681 ctare
1187 4627 1325 4692 belismum
1339 4637 1415 4696 utque
1429 4628 1466 4682 irs
1477 4639 1661 4701 preceptorem
1674 4630 1837 4700 nutricemque
1850 4645 1904 4684 nn.

258 4697 412 4770 taphrastes
423 4694 502 4767 lecit)
514 4710 586 4751 nunc
596 4709 663 4749 vero
672 4691 708 4748 de
722 4690 781 4747 sula
797 4692 934 4763 Polyxena
945 4691 1048 4763 egisse,
1101 4705 1184 4752 rtrum
1195 4697 1295 4770 injuris
1305 4696 1679 4769 officereetproeclurirsimons
1689 4701 1903 4771 inrelliqenrisur,

200 4776 205 4787 “
258 4783 321 4825 cum
348 4766 470 4826 Onesimi
492 4763 713 4836 predicationum
737 4761 766 4819 in
789 4762 919 4847 Hispania
943 4763 1048 4820 scribit.
1063 4767 1340 4848 „expositionemque
1351 4767 1435 4835 iliius,
1447 4788 1464 4823 s
1477 4785 1527 4841 quo
1540 4779 1597 4841 post
1610 4770 1645 4825 b.
1663 4769 1905 4827 Puslsnrinur'rati

258 4838 317 4896 Hoc
331 4852 386 4895 ano
400 4840 460 4894 selo
472 4852 487 4892 a
500 4836 606 4893 Graecis
619 4834 752 4898 dissidet,
790 4834 843 4889 uod
856 4848 960 4890 sueram
973 4835 1051 4891 illam
1105 4854 1204 4901 murus,
1219 4838 1430 4907 nobisueurpure
1441 4856 1491 4895 uon
1507 4841 1693 4897 dubitaremus.
1717 4839 1845 4897 Ceterum
1854 4842 1907 4897 ilie

256 4909 406 4992 Polyxenus
420 4907 459 4963 ab‘
473 4923 506 4963 ea
519 4908 547 4962 is
559 4907 717 4976 Hispaniam
732 4849 876 4988 deductam
891 4903 988 4962 Seram
1000 4921 1050 4962 ro·
1105 4907 1195 4964 diuina
1214 4909 1392 4965 uerrnutitirer
1411 4926 1561 4982 exponens,
1583 4929 1698 4968 summus
1711 4912 1860 4983 quasdem(
1873 4915 1906 4970 id

258 4990 349 5035 assuta
369 4993 449 5049 quam
466 4987 557 5032 umen
569 4975 696 5032 Graecum
710 4975 799 5030 menni
836 4990 891 5030 tum
906 4975 1051 5031 Rebeccam
1105 4987 1167 5043 est,
1189 4980 1355 5037 universales
1377 4980 1595 5052 propositiones)
1616 4985 1772 5055 perspicatia
1782 4984 1906 5053 prolecto

259 5060 416 5120 nuncupat,
441 5046 528 5103 iacilis
549 5054 643 5127 tamen·
661 5048 792 5126 transitus
827 5044 865 5099 uit
888 5044 925 5101 ab
943 5061 997 5101 une
1015 5047 1050 5102 ad
1105 5049 1287 5122 conspendiosu
1304 5052 1413 5122 refertas
1429 5052 1502 5108 nolis
1520 5056 1656 5122 seposuit,·
1672 5057 1701 5110 iu
1715 5070 1768 5110 uno
1780 5055 1906 5110 uidelicet

258 5119 332 5176 aliud
346 5133 463 5183 nomen;
477 5117 586 5172 tametsi
600 5124 756 5171 exrstrmcm
771 5114 873 5170 Dextro
893 5118 1052 5172 assentien-
1105 5121 1219 5189 plurius
1231 5138 1288 5177 cans
1307 5125 1438 5190 lactentes,
1455 5125 1607 5196 precipiens
1619 5126 1737 5181 uidelicet
1751 5125 1835 5193 rroiir,
1851 5142 1907 5182 coe-

258 5190 323 5246 dnm
338 5191 439 5260 potius,
453 5188 552 5259 quippe
563 5185 610 5257 qui
622 5183 657 5241 de
666 5184 909 5255 rebusliispuuicis
918 5185 1050 5256 ursioreru
1104 5191 1215 5264 terisque
1242 5207 1273 5247 rs
1294 5194 1346 5247 iurn
1373 5193 1518 5250 aninrorrrnt
1544 5196 1674 5268 mamertia
1697 5195 1831 5266 replicare
1853 5214 1907 5268 pro

258 5275 340 5334 quant
354 5259 442 5316 Graeci
454 5259 575 5314 notitianr
587 5256 723 5312 babuerit.
737 5255 849 5339 [lernam
860 5255 933 5329 qnod
947 5256 974 5313 in
988 5273 1049 5315 me·
1103 5263 1217 5332 uiribus,
1240 5271 1317 5336 atque
1330 5264 1488 5337 distinquere
1496 5281 1614 5321 sermone
1632 5267 1706 5327 nolis
1718 5283 1845 5340 caumas,
1860 5268 1908 5324 lu-

259 5329 369 5400 noiogio
389 5328 502 5395 dieitur,
525 5328 576 5383 sub
590 5326 705 5384 Claudio
718 5326 861 5397 narrasse,
887 5327 922 5384 de
935 5329 1049 5386 Claudio
1103 5335 1187 5389 centis
1205 5336 1294 5400 intur,
1309 5337 1541 5407 compendioseque
1556 5338 1679 5408 masurio
1692 5354 1708 5392 u
1722 5338 1818 5393 uirtute
1829 5338 1907 5396 illisa

259 5399 368 5460 Nerone
381 5398 494 5470 intelligi
507 5407 627 5468 oportet,
637 5413 693 5454 uon
705 5397 740 5455 de
752 5397 866 5455 Claudio
881 5399 969 5457 bross
980 5401 1048 5458 Ger·
1101 5420 1118 5457 o
1137 5405 1393 5474 primeirrtelieetssli
1409 5408 1713 5480 nranorrtiu.Snbdirque
1728 5419 1905 5480 postpauca:

248 5469 764 5601 'iitiiuttt‘'i'tiiliiitii
777 5469 1051 5613 sinduitti!
1101 5475 1908 5622 ..tttitt‘ilittltitititillantibus

472 5580 480 5609 Ι
768 5581 776 5608 i

258 5615 333 5672 uiam
354 5614 532 5671 contenderat
548 5627 634 5684 usque
646 5612 680 5668 ad
692 5611 808 5668 Neronis
821 5623 955 5682 tempora.
981 5612 1049 5668 Cum
1100 5617 1149 5669 stt'
1212 5632 1303 5684 eurus,
1327 5636 1359 5675 ne
1378 5621 1443 5691 {orte
1459 5630 1631 5691 repeteremus
1648 5622 1717 5677 idem
1731 5591 1766 5676 'ud
1781 5622 1810 5675 id
1820 5569 1908 5694 gepe-

257 5701 325 5743 rero
341 5685 477 5756 Xantippa
500 5695 528 5740 et
542 5683 679 5755 Polyxena
696 5696 749 5737 non
764 5684 846 5738 unius
860 5691 888 5738 st
902 5680 1048 5751 eiusdem:
1100 5701 1150 5741 nen
1172 5703 1234 5756 sm,
1257 5690 1325 5760 quod
1345 5691 1373 5744 in
1394 5691 1530 5748 emiorum
1550 5691 1697 5748 diuinorum
1718 5693 1909 5765 mantione

254 5758 305 5812 sed
318 5758 465 5813 multorum
480 5754 667 5823 apostolorum
685 5752 826 5818 discipule
838 5751 957 5816 luerint,
971 5762 1050 5809 reete
1101 5757 1230 5828 suissetslr
1240 5776 1269 5815 eo
1279 5763 1448 5831 propositum.

254 5829 419 5900 proprieque
444 5826 566 5884 insutum
589 5830 705 5894 martyr.
721 5821 802 5879 Ronr.
818 5820 910 5892 diras,
926 5837 987 5881 curn
1003 5823 1047 5882 in·
1136 5829 1369 5904 ttnjusruisruia
1381 5832 1570 5911 inexemplum
1581 5834 1906 5919 admirandellieraibsi
