4192 6434
215 387 270 452 27⁸
739 386 853 446 sistit
872 386 961 447 LUCii
982 343 1111 445 bisini
1131 383 1339 445 cttttoitlctlit.
1809 385 1866 446 916

213 511 250 568 Δ.
263 508 296 569 G.
312 510 373 572 100.
391 511 433 570 bd
447 510 574 569 Castrum
588 509 675 570 altura
694 521 778 580 prope
792 506 904 576 'ingiam
920 503 1049 576 predicat
1063 504 1091 563 S.
1107 501 1251 561 Secundus
1263 501 1399 573 pontiiox,
1410 502 1439 560 s.
1454 500 1549 559 iacobi
1563 500 1686 574 discipu·
1703 498 1736 560 i.
1753 500 1787 560 11.
1799 498 1864 560 ibi.

430 605 484 671 ius,
499 611 603 674 martyr
616 601 728 657 uitiatus
743 599 892 655 sociorum.
1096 660 1101 675 Ι

399 701 435 757 il.
447 700 601 764 Marcellus,
614 697 755 754 excellens
764 703 842 764 poeta
852 702 880 750 at
892 701 996 760 orator,
1007 692 1041 749 sd
1050 707 1129 763 quem
1140 693 1252 750 Persius
1263 691 1529 764 inscripsitqusrtam
1543 700 1683 764 satyramt
1736 718 1741 725 ·

430 793 557 850 amicitiis
570 790 720 859 luvenalis,
741 789 828 846 Persii
842 798 872 845 et
893 787 1016 855 Βιιιιιι,
1033 787 1116 858 Galli,
1138 786 1272 859 statiique
1285 785 1449 857 praeclarum
1467 782 1606 859 miracolis
1624 797 1685 840 cro·

428 887 487 943 bris
502 886 592 942 haret.
1440 938 1441 941 ,

393 979 517 1036 Toletani
531 976 709 1033 vehementer
721 975 899 1045 proiecerunt
919 975 1043 1031 doctriua
1057 972 1085 1030 S.
1102 973 1137 1030 11.
1160 972 1298 1040 Μιιιι111;
1322 983 1352 1029 ιιι
1372 973 1525 1029 barcinone
1544 971 1688 1043 proliciunt

430 1073 580 1133 tiltristiatri
594 1069 682 1141 gloria
694 1067 898 1141 winemarum,
914 1072 1014 1126 uirtute
1027 1069 1160 1125 doctrina
1176 1083 1208 1124 ac
1222 1069 1355 1139 exemplis
1370 1068 1517 1125 Theodosii
1531 1068 1664 1140 episcopi.

398 1164 514 1222 lissima
528 1163 723 1222 Toletanorum
737 1179 800 1223 cum
815 1162 1066 1229 Buroinuueosihus
1078 1164 1251 1220 trecassitudo
1265 1163 1435 1219 contrahitur
1451 1182 1457 1216 ε
1475 1179 1508 1221 ιι
1521 1178 1576 1235 quo
1589 1165 1685 1221 cirita-

429 1267 484 1314 tem
499 1255 575 1321 iliam
589 1270 641 1327 ego
654 1256 755 1314 better
764 1253 875 1314 hiennio
887 1256 949 1315 reti
962 1271 971 1323 ;
986 1264 1013 1312 st
1034 1254 1063 1310 iu
1076 1254 1231 1313 Tabuioriis
1246 1253 1306 1325 ejus
1319 1254 1411 1314 uerbis
1426 1255 1511 1312 muita
1523 1255 1594 1312 scitu
1606 1255 1688 1327 digrn

428 1352 567 1423 reperisse
579 1368 623 1409 me
638 1353 736 1410 iatoor.

393 1444 515 1504 Celebris
530 1457 572 1512 est
584 1445 672 1504 Toleti
691 1443 868 1506 memoriali.
889 1442 1008 1508 Marcelli
1023 1444 1270 1517 Romm'praeicetl,
1291 1446 1338 1518 qui
1354 1454 1476 1521 temporo
1498 1442 1616 1510 Clatrdii,
1636 1443 1687 1500 iuit

429 1541 457 1599 iu
472 1537 600 1606 Citeriori
617 1539 748 1612 Hispania
761 1548 883 1611 quaeator
896 1538 1119 1613 quinquennalis,
1134 1549 1162 1596 et
1176 1555 1284 1598 murum
1297 1538 1469 1612 Carthaginis
1480 1536 1630 1610 spartaria
1647 1552 1691 1596 re-

433 1635 448 1690 i
479 1636 510 1690 it.

368 1745 371 1749 ·
397 1649 544 1801 nioircysius
557 1725 724 1799 areopagita
734 1725 807 1782 dicat
822 1725 943 1797 Eugenio
957 1724 1097 1796 barcello,
1113 1725 1187 1784 dicto
1198 1738 1307 1801 propter
1322 1729 1421 1801 ingenii
1438 1727 1628 1787 excellentiam
1642 1726 1689 1785 Ti-

434 1821 558 1891 motheo,
575 1820 662 1878 libem
675 1820 710 1877 de
724 1820 828 1878 Divinis
836 1819 1008 1877 Nominibus.

827 1952 957 2012 ultumi
976 1951 1259 2010 continuerimus

221 2079 336 2137 metrias
349 2077 438 2148 capite
477 2077 574 2143 ierus,
590 2074 677 2131 Pollio
700 2074 816 2130 iiamtnis
840 2083 954 2127 erastus
968 2081 1021 2138 est,
1037 2075 1062 2133 Α
1076 2069 1135 2125 irae
1145 2069 1295 2128 recitabat:
1308 2069 1437 2127 Gentilem
1449 2072 1577 2144 populant
1589 2071 1721 2133 Toielante
1732 2079 1872 2147 prouinciae

222 2150 333 2208 tarnetsi
345 2149 418 2221 quod
433 2163 447 2202 u
480 2148 612 2204 irenaeum
625 2156 744 2219 spectat,
758 2143 912 2199 Rotnanum
924 2142 1022 2214 biarty-
1075 2147 1202 2212 exemplo,
1218 2147 1350 2199 honestate
1366 2144 1433 2207 uitae,
1448 2145 1587 2207 catholica
1600 2147 1798 2218 predicatione,
1821 2154 1871 2207 nti·

221 2222 354 2291 turingiam
369 2218 406 2275 25
420 2219 508 2275 iisrtii
521 2227 638 2286 asserat,
654 2233 707 2272 nou
726 2217 835 2287 quidem
850 2213 1022 2278 suffocatum,
1073 2211 1225 2267 racuiorurrr
1248 2214 1456 2284 confirmatione,
1471 2215 1506 2270 ad
1519 2215 1597 2284 iident
1608 2214 1783 2275 Christianam
1809 2239 1872 2277 eon·

222 2293 272 2350 sed
287 2294 408 2348 abscisso
421 2292 510 2360 cupite
529 2297 747 2345 cortstrmmatunt
764 2285 859 2342 luisse.
1074 2285 1157 2338 uertit.
1182 2283 1322 2340 TrutiiIus
1342 2285 1437 2342 itidem
1454 2289 1512 2342 lraec
1526 2288 1585 2342 ait:
1602 2285 1686 2344 Toleti
1699 2290 1746 2344 diu
1761 2294 1870 2359 mansit,

258 2366 285 2420 6.
308 2364 347 2416 dd
374 2362 495 2419 Castrum
519 2361 612 2430 aitttrn,
636 2370 690 2415 ιιι.
716 2357 881 2428 Tugietrsetn
909 2355 1021 2423 saltam,
1075 2371 1240 2425 pertractans
1262 2357 1289 2410 in
1310 2356 1495 2426 predicatione
1508 2374 1566 2428 sua,
1582 2368 1607 2412 ct
1625 2362 1714 2415 maltis
1730 2378 1872 2419 coruscans

225 2437 292 2491 alias
303 2443 460 2500 argenteum
482 2440 602 2486 montem
615 2430 691 2486 ilium
704 2430 807 2495 luisse,
824 2444 904 2498 quern
927 2426 1025 2499 ruigrts
1075 2427 1209 2481 urit-aculis
1232 2442 1240 2479 .·
1263 2436 1341 2499 atquc
1363 2425 1413 2482 itae
1436 2427 1512 2484 ntodo
1527 2428 1727 2487 innumerabiles
1742 2434 1778 2487 ad
1792 2434 1872 2504 pidem

225 2509 316 2563 Sicera
330 2505 361 2558 de
376 2503 494 2559 riioaraz
513 2512 669 2570 nuncupet,
688 2517 721 2555 ex
746 2501 890 2626 precipuis
903 2499 1024 2566 Geogra·
1076 2495 1174 2552 Christi
1189 2502 1324 2553 corrocrtit.

226 2578 298 2644 piris,
312 2576 410 2630 Carrio
425 2574 538 2637 Clusio.
551 2572 674 2628 Aeneide
689 2570 790 2638 iiiiiro,
804 2580 820 2624 ,ι
846 2570 958 2626 ruluruo
971 2562 1024 2624 Or·
1112 2571 1140 2629 8.
1161 2567 1292 2624 Toletani.
1311 2568 1378 2626 Vide
1400 2570 1569 2641 superiorem
1597 2573 1802 2631 annotationem
1816 2593 1824 2641 ;
1845 2586 1874 2632 et

226 2649 323 2712 tirello,
338 2659 364 2701 ct
378 2646 514 2703 Guilielmi
528 2644 660 2701 Gunsonii
682 2642 782 2698 tabuiis
799 2643 964 2713 accipimus,
979 2640 1024 2696 uiri
1075 2654 1136 2708 quae
1150 2639 1185 2694 de
1204 2650 1297 2696 saneto
1311 2639 1466 2697 Theodosio
1481 2643 1609 2714 episcopo
1621 2644 1821 2703 barcinonensi
1835 2647 1869 2705 sd

226 2720 316 2775 adime
330 2717 459 2788 oppidum
477 2724 632 2784 perseuerat
646 2712 740 2769 Castro
758 2715 879 2769 nominc.
894 2711 956 2766 Fuit
973 2708 1024 2765 Ca·
1077 2723 1176 2765 aunum
1200 2710 1235 2767 lii
1255 2712 1382 2767 diximus.

226 2790 413 2846 altumaltum
431 2787 537 2856 insigne
555 2786 630 2840 caede
655 2785 816 2850 Aminneis,
832 2784 867 2839 de
883 2798 936 2854 quo
948 2781 1025 2837 Titus
1112 2781 1139 2837 ll.
1162 2781 1279 2837 Maximo
1303 2782 1498 2851 Toletauarum,
1524 2796 1578 2840 etc.
1598 2786 1705 2843 Premit
1720 2804 1807 2846 renas
1824 2789 1871 2849 ha

226 2861 275 2917 lib.
288 2875 343 2922 rur,
357 2869 383 2914 ct
396 2874 429 2915 ιι
441 2873 474 2916 eo
487 2856 618 2922 biariana,
635 2855 682 2909 lib.
698 2871 734 2922 u,
751 2870 812 2938 cap.
830 2856 857 2923 7,
874 2870 905 2910 ac
921 2851 1026 2908 Floria·
1075 2852 1120 2922 jus
1141 2854 1280 2922 purissimi
1306 2854 1388 2909 tontis
1409 2855 1540 2910 Toletano
1566 2858 1709 2926 tabularia,
1736 2877 1800 2930 qum
1812 2878 1869 2918 sex·

228 2947 292 2997 nus,
307 2930 355 2986 lrh.
371 2947 407 2995 tt,
423 2944 484 3013 cap.
502 2928 545 2992 16.
562 2942 596 2981 cu
607 2942 691 3053 nsque
708 2927 909 2997 ptaedttaliottis
920 2924 1026 2979 semina
1077 2934 1172 2980 centos
1184 2934 1341 2993 pestanuos
1363 2927 1478 2985 revaluit
1498 2926 1623 2986 lulianus
1647 2932 1869 3004 archipresbyter

228 3003 332 3059 'aciens
354 3014 513 3072 pervenisse
528 2997 630 3055 dicitur
672 3041 676 3051 .
695 2996 857 3063 Secundus,
875 2997 920 3068 qui
935 3005 1024 3051 tatucu
1076 2997 1104 3051 S.
1120 2995 1215 3062 lustu,
1232 2995 1323 3067 ibique
1348 3011 1378 3052 se
1391 3012 1500 3069 quoquc
1517 3001 1600 3055 multa
1611 3001 1682 3059 scira
1698 3002 1782 3072 digna
1795 3019 1869 3071 repe-

225 3019 259 3130 ὲ.
279 3074 374 3130 struite
388 3086 438 3140 pro
452 3069 564 3127 Christo
574 3068 699 3140 jugulum
716 3068 845 3138 praebuit,
861 3066 1026 3123 notissimus
1077 3066 1145 3122 riou
1160 3066 1272 3134 iatetur,
1290 3077 1319 3124 ut
1332 3068 1463 3138 epistolas
1478 3067 1539 3126 illas
1554 3071 1754 3141 pharisaeorum
1773 3076 1808 3129 ad
1822 3075 1871 3131 To·

228 3137 1025 3212 S.lacolridiscipulorum,auiusiuterueutunonsoiumiu
1078 3138 1182 3193 letauos
1203 3137 1345 3205 Hebraeos,
1372 3150 1398 3193 ct
1424 3139 1475 3194 alia
1505 3140 1565 3210 ejas
1591 3144 1713 3213 getreris.
1742 3144 1822 3213 Quod
1837 3148 1870 3203 ait

230 3231 263 3273 ea
276 3217 398 3281 civitate,
413 3230 507 3269 rerum
521 3213 602 3268 ctiam
615 3213 644 3266 in
654 3211 750 3266 ticinis
763 3209 871 3284 oppidis
886 3224 918 3264 ac
930 3206 1026 3264 cirita·
1077 3217 1183 3278 auctor,
1202 3210 1365 3267 ‹cir-itatem
1381 3211 1454 3267 iliam
1467 3210 1577 3268 hiennio
1590 3214 1659 3281 reri,
1671 3235 1681 3271 r
1699 3215 1735 3275 ita
1751 3217 1870 3288 intelligo

229 3288 303 3344 tibus
316 3287 401 3343 muita
416 3285 489 3342 Deus
510 3282 640 3340 miracula
664 3282 789 3354 praebuit.
804 3279 875 3351 chc
888 3279 922 3335 de
941 3294 971 3334 ea
995 3292 1026 3334 re
1079 3290 1107 3334 ιιι
1121 3279 1209 3337 Toleti
1234 3280 1317 3337 inerit
1331 3281 1456 3337 duururir
1473 3299 1480 3336 ι
1495 3281 1683 3342 duumviratus
1707 3301 1774 3343 tero
1799 3288 1872 3345 bieu-

227 3357 398 3415 Tiresuurtrm
413 3356 657 3422 concionatorum,
675 3363 715 3408 to.
727 3369 757 3421 ιι,
774 3351 818 3408 dic
835 3352 847 3406 i
864 3350 937 3407 iiaii.
953 3346 1027 3404 virtu
1078 3351 1125 3406 nio
1148 3352 1353 3418 terminaretur,
1370 3354 1442 3422 quod
1456 3355 1552 3423 quotis
1578 3371 1649 3412 uuna
1663 3372 1696 3412 ex
1717 3357 1869 3419 duumuiris

229 3433 317 3485 denuo
331 3429 421 3484 iucem
434 3427 464 3484 S.
480 3427 599 3484 Secundi
618 3439 718 3494 corpus
733 3438 805 3480 atino
818 3422 925 3478 Domini
943 3417 1022 3485 1510,
1040 3453 1063 3514 Β
1078 3435 1149 3478 unus
1174 3423 1333 3494 eligeretur,
1349 3433 1377 3478 et
1406 3426 1441 3479 ita
1468 3425 1557 3492 lieret,
1584 3437 1614 3483 ut
1634 3428 1752 3500 quilibet
1774 3444 1870 3487 eorum

229 3500 258 3556 in
272 3499 391 3554 Ecclesia
407 3513 488 3566 quam
501 3497 560 3567 ipse
573 3495 709 3551 saltaturi
724 3504 861 3563 erexerat,
873 3508 904 3547 ae
915 3493 1024 3548 dicarc-
1078 3493 1186 3549 biennio
1221 3494 1368 3551 rrbcrnaret
1396 3495 1501 3551 urbem.
1518 3495 1627 3554 Matini
1652 3513 1719 3556 saue
1745 3499 1869 3559 Toletum

229 3571 389 3639 rotellam
406 3567 437 3622 il.
459 3568 550 3625 bactu
560 3581 654 3622 rocem
675 3575 835 3635 acceperat,
854 3564 954 3620 subtus
969 3569 1024 3618 ter·
1076 3511 1264 3630 iucercddrct,
1277 3574 1379 3621 tuntum
1389 3567 1630 3634 uirumaguorisse
1644 3570 1868 3643 gubernatorem,

184 3643 192 3653 ‘
229 3656 302 3704 ram.
316 3653 414 3710 niagno
430 3638 477 3694 liei
492 3637 643 3702 heneilcio,
661 3646 689 3691 ct
702 3636 881 3692 Ahuiensium
901 3635 1022 3699 citiam,
1076 3636 1121 3705 qui
1134 3635 1280 3692 Theodosii
1293 3638 1466 3708 imperatoris
1479 3639 1613 3698 electione
1640 3641 1760 3699 Orientis
1784 3641 1869 3717 ipsius

230 3728 263 3768 ac
277 3711 413 3780 liispaniae
428 3710 563 3765 universa
596 3708 678 3763 audio
692 3717 848 3778 repartum:
869 3704 1025 3776 annuloque
1078 3705 1242 3777 proiectura
1267 3707 1371 3765 fructus
1396 3708 1457 3765 luit.

229 3782 387 3854 insignitum
399 3796 493 3849 aurea,
511 3725 641 3850 sappino
655 3777 820 3849 splendenti,
833 3777 983 3848 litterisque
997 3775 1024 3830 in
1114 3777 1158 3835 itl.
1179 3776 1291 3835 Celebris
1307 3788 1355 3848 est,
1372 3790 1425 3836 cto.
1441 3780 1506 3865 Eius
1520 3783 1555 3839 Μ.
1580 3781 1699 3840 biarceili
1724 3792 1871 3855 questura

229 3869 264 3911 eo
275 3851 378 3916 incisis.
390 3867 505 3910 sanctus
520 3865 663 3907 secuuous.
680 3851 861 3922 liopertusest
874 3865 934 3903 curn
946 3861 1025 3902 sacro
1078 3849 1203 3905 meminit
1222 3850 1412 3916 Poseidonias,
1429 3867 1474 3922 qut
1489 3854 1585 3910 scribit
1599 3855 1611 3927 (
1624 3861 1695 3913 teste
1708 3855 1824 3913 Ruricio
1846 3856 1871 3911 iu

229 3941 345 3998 corpure
357 3924 438 3991 calix,
454 3926 497 3980 cui
515 3924 667 3992 insculptus
682 3921 786 3987 titulus,
802 3919 906 3975 Andura
920 3917 1025 3972 Petraei
1077 3921 1259 4048 Cornucopiag
1275 3923 1362 3992 ipsura
1376 3924 1501 3995 exegisse
1518 3925 1645 3981 tributum
1666 3942 1699 3984 er
1725 3917 1871 3985 Celtiberia

230 4007 288 4051 orto
303 3997 337 4049 da
352 3996 432 4052 Stena
443 3996 496 4068 fece
505 4004 596 4067 questo
610 3992 661 4047 cai.
673 4009 681 4058 ;
692 4006 778 4062 eoque
793 4002 885 4062 utpote
900 3988 1025 4058 moderni
1078 3991 1239 4061 ttispmiuu
1274 3994 1375 4049 talenta
1389 4009 1432 4050 oc.
1449 3993 1531 4051 luiert
1545 3996 1660 4053 Budaus
1672 4015 1680 4053 ε
1693 3995 1735 4053 Ea
1748 4014 1798 4069 qua
1812 4014 1873 4054 con·

230 4066 316 4123 italici
337 4065 626 4128 idioruatisiunuitur,
647 4081 699 4118 non
715 4064 796 4134 longo
814 4073 876 4118 autc
902 4074 1026 4127 tempore
1074 4064 1204 4135 jacturam
1217 4067 1360 4136 iacerent,
1384 4064 1565 4121 Celtiberinam
1588 4077 1687 4140 pentem
1711 4070 1871 4125 namnetis·

230 4136 313 4194 iuisse
336 4138 453 4192 renisum
476 4148 502 4192 et
529 4145 668 4190 narratum.
685 4133 797 4188 [ierrrum
816 4148 888 4187 atino
906 4130 974 4187 tint
998 4132 1025 4186 in
1077 4135 1169 4189 rimant
1195 4137 1284 4206 inisse,
1300 4145 1325 4190 et
1339 4137 1641 4209 prenniauitutrdantent.
1664 4140 1791 4196 Catullus
1813 4138 1874 4197 crt-

231 4206 416 4262 catiredraiem
431 4205 574 4261 ecclesiam
590 4204 793 4260 solemnissimo
807 4206 882 4258 cultu
897 4215 924 4259 ιι
943 4216 1026 4274 appa·
1077 4204 1193 4262 tiliorum
1209 4206 1354 4276 quemdam
1371 4206 1475 4263 vocarit
1498 4211 1657 4265 curriculosa
1679 4209 1828 4269 Celtiberia
1839 4211 1871 4286 fi-

231 4289 293 4334 ratu
307 4281 466 4332 tnrtrslatum
479 4286 519 4331 est
545 4276 579 4330 ah
594 4273 731 4330 illustriss.
752 4284 780 4331 ιι
794 4273 974 4331 reverendiss.
993 4275 1023 4328 0.
1078 4276 1153 4343 littru,
1166 4276 1237 4347 quod
1250 4279 1309 4334 auri
1323 4280 1483 4350 argentique
1497 4280 1606 4349 iodiuis,
1619 4295 1667 4338 ceu
1679 4282 1870 4345 (articulorum

232 4351 264 4405 1).
292 4349 457 4422 ilierunymo
482 4348 622 4418 Martiique
647 4347 776 4402 abulensi
801 4346 948 4418 episcopo,
971 4343 1026 4401 ileo
1078 4347 1253 4404 creberrimis
1269 4350 1495 4406 rtntrisscutoret.

230 4420 439 4476 translationem
454 4419 558 4475 crebris
569 4417 707 4474 utiracuiis
722 4417 884 4486 honorante,
899 4432 958 4488 qum
969 4415 1026 4471 iin-
1115 4418 1160 4476 il.
1180 4416 1334 4492 Dionysias,
1360 4430 1412 4476 cto.
1430 4422 1463 4477 st
1476 4422 1527 4478 boc
1549 4423 1681 4480 hacteuus
1704 4424 1871 4483 inauditum.

230 4495 321 4548 tonius
344 4491 379 4547 de
398 4492 498 4547 Cianca
518 4490 619 4558 reiut,
644 4489 757 4562 speciali
780 4504 812 4546 ea
840 4486 874 4543 de
899 4503 929 4543 re
953 4487 1026 4544 edita
1079 4490 1144 4558 Quis
1156 4493 1230 4547 enim
1245 4491 1331 4547 nescit
1345 4491 1502 4563 httrupsiuu
1531 4494 1616 4550 libros
1643 4508 1709 4552 suos
1729 4494 1896 4553 Timotheo

230 4563 355 4620 historin.
1078 4561 1258 4631 Ephesiorum
1281 4562 1409 4635 episcopo
1438 4564 1515 4620 Pauli
1549 4565 1683 4650 discipulo
1708 4566 1902 4625 declamo!

265 4636 291 4690 'i.
313 4631 353 4689 tt.
375 4631 527 4702 Marcellos,
543 4641 596 4687 etc.
614 4631 651 4689 [ic
665 4630 834 4687 nobilissimo
848 4630 972 4687 nouam
994 4644 1026 4686 ac
1079 4633 1298 4688 imrnoreroeos
1309 4647 1364 4703 pne
1375 4648 1404 4692 se
1416 4635 1488 4691 ierre
1499 4636 1631 4703 eiusrnodt
1647 4638 1884 4708 inscriptionem.

228 4707 337 4779 ingenio
353 4706 490 4776 praeeunti
506 4714 610 4775 purast
627 4701 749 4771 erodere,
768 4703 896 4759 oratoriae
908 4717 940 4757 ae
951 4700 1026 4775 poesi
1078 4703 1113 4759 nd
1132 4701 1295 4758 Timotheum
1314 4705 1463 4776 episcopum
1483 4705 1676 4779 Ephesiorum?
1693 4705 1798 4764 Verum
1814 4708 1893 4765 irinc

228 4780 408 4847 irrjmeutute
419 4775 514 4832 scdulo
527 4774 691 4838 incubuisse.
707 4773 816 4845 quaudo
831 4775 982 4846 praesertim
996 4782 1059 4870 ctC
1080 4775 1262 4830 narrationem
1280 4776 1451 4846 incipiamus.
1476 4776 1534 4833 Nou
1549 4779 1654 4834 inliciat
1678 4778 1707 4834 iu
1732 4780 1883 4837 nonnuliis

227 4848 415 4919 ipsoliomual
442 4847 546 4918 imperii
570 4846 729 4903 moderator
753 4845 825 4902 Nero
852 4845 879 4900 in
907 4855 1021 4916 utroquo
1077 4844 1196 4917 illonysii
1219 4845 1359 4902 codicibus
1373 4849 1480 4903 excusis
1505 4849 1637 4919 ojtrsnrodi
1662 4848 1873 4918 inscriptionem

225 4919 360 4975 excellere
386 4929 501 4972 cunctos
525 4918 701 4986 gloriabatur.
725 4917 797 4972 Sanc
822 4917 846 4972 is
867 4914 925 4985 ipse
948 4913 1018 4970 iitr-
1076 4915 1180 4982 haberi,
1196 4917 1244 4972 sed
1261 4917 1333 4989 quud
1348 4919 1383 4971 sit
1396 4918 1431 4973 ab
1444 4930 1557 4976 auctore
1573 4922 1674 4989 posint
1692 4919 1799 4993 quippe
1812 4937 1870 4981 cunr

227 4990 315 5046 celius
334 4987 470 5059 Eugenius
496 4987 654 5059 martyrium
678 4986 706 5042 S.
730 4985 851 5059 Dionysii
876 4986 1021 5057 elegantis·
1074 4988 1347 5056 alibrarioimperito
1360 4987 1454 5044 desuo
1476 4993 1511 5047 sit
1526 4990 1784 5062 adititugcrruuu
1800 4993 1865 5052 enin

227 5059 298 5114 simo
324 5058 423 5114 cecinit
442 5058 573 5129 carmine,
592 5065 620 5113 ut
635 5055 778 5112 iiilduinus
806 5073 832 5111 tn
849 5055 908 5110 Vita
933 5057 1019 5112 sarrcti

229 5130 349 5202 Dionysii
363 5129 418 5200 (cui
431 5128 546 5184 bioraies
558 5125 731 5198 astipulatur)
744 5126 822 5182 testis
831 5135 872 5180 est
886 5146 892 5179 :
905 5137 931 5181 et
946 5126 1018 5196 quoti

226 5201 297 5264 apud
313 5215 343 5255 se
361 5201 492 5256 exstabat
506 5215 574 5268 opus
588 5198 665 5254 iilud.
682 5197 746 5268 Agit
759 5197 793 5253 de
806 5198 858 5252 ltoo
872 5196 974 5254 Dexter
992 5199 1018 5255 in

226 5271 363 5327 Chronico
378 5270 411 5326 ad
427 5286 491 5326 auu.
509 5269 570 5326 15⁰.
588 5270 680 5325 Prosae
695 5281 786 5325 autern
798 5271 929 5325 nonnulla
946 5269 1016 5325 iudi·

227 5343 270 5399 cia
280 5341 475 5411 surrepistuta
490 5342 543 5396 illos
557 5341 590 5396 ad
601 5341 652 5397 SS.
663 5340 791 5408 hereum,
808 5350 836 5395 et
852 5341 1013 5406 ticlrilleura.

226 5413 263 5470 de
295 5414 373 5469 uibus
386 5427 468 5483 supro
484 5422 572 5467 actum
586 5423 639 5469 est.
662 5411 847 5476 decreticum,
869 5415 893 5468 si
917 5412 1017 5467 citerus

225 5429 307 5541 tuear
321 5483 424 5550 Persio,
436 5483 570 5549 iuvenali,
582 5483 705 5550 Seneca,
715 5483 906 5555 Catulloialias
917 5483 1016 5556 Goibo)

227 5566 256 5612 et
265 5554 363 5621 Statio,
380 5564 475 5626 utputo
490 5555 530 5609 sui
547 5554 640 5611 saeculi
653 5555 849 5612 celebrioribus
863 5554 951 5626 poetis
964 5595 971 5620 ,
986 5554 1015 5610 iu

226 5629 294 5683 urbe
306 5641 357 5682 una
368 5640 431 5681 cum
447 5628 506 5698 ipso
520 5628 762 5683 cotruuorantibus.

260 5697 341 5754 iltrita
363 5706 454 5753 autem
467 5697 597 5752 miracula
609 5697 635 5752 iu
651 5697 843 5765 praedicatione
855 5711 904 5753 sua
923 5695 1012 5753 Toleti

223 5769 341 5826 edidisse
355 5783 409 5824 non
423 5767 514 5824 solum
525 5766 657 5823 Toletano
673 5768 804 5832 Ecclesia,
827 5768 876 5824 scd
900 5776 928 5824 et
952 5769 1011 5824 aliae
1068 5769 1141 5824 bium
1167 5774 1272 5826 nonsit
1295 5771 1367 5826 libro
1386 5787 1494 5844 quoque

1074 5059 1205 5115 librorum
1222 5060 1254 5115 de
1265 5056 1368 5115 Diuinia
1383 5057 1541 5117 Nominibus
1564 5063 1787 5133 inscriptiones
1809 5076 1862 5123 etit

1073 5129 1293 5201 conpresbyteris
1318 5127 1451 5186 Tinrorirco
1479 5132 1620 5206 Dionysius
1633 5135 1771 5206 presbyter
1784 5149 1795 5202 ,·
1810 5150 1861 5197 stu

1073 5201 1204 5273 siquidem
1229 5201 1261 5256 1).
1290 5201 1409 5259 Titoruas
1426 5205 1450 5257 itr
1474 5205 1531 5258 suis
1554 5204 1782 5270 Corumentariis,
1809 5221 1859 5265 etta

1073 5272 1167 5328 Sixtus
1186 5270 1314 5328 Senensis
1330 5273 1377 5327 lib.
1394 5290 1412 5328 ιι
1424 5274 1599 5331 Bibliothecae
1620 5283 1737 5339 sancta,
1755 5276 1809 5333 litt.
1824 5277 1860 5348 0.,

1071 5358 1186 5413 eamque
1201 5345 1349 5401 rtorissime
1364 5344 1517 5402 Luttscilius
1538 5346 1564 5401 iu
1585 5346 1642 5401 suis
1665 5347 1860 5429 areopagiticis

1069 5413 1164 5497 cudit:
1180 5410 1259 5496 iuciie
1272 5430 1380 5488 quoque
1395 5416 1537 5473 deducitur
1551 5432 1585 5473 et
1598 5417 1714 5473 alitrtttm
1732 5417 1862 5479 irhrorurt

1070 5486 1297 5555 tusertptrontbus
1312 5486 1345 5543 de
1360 5487 1527 5544 ilierarcltiis
1541 5487 1651 5546 coeiesti
1678 5498 1707 5544 et
1720 5489 1863 5547 ecciesias-

1070 5556 1134 5620 rica,
1149 5556 1220 5612 etde
1235 5557 1348 5629 mystica
1364 5559 1510 5630 theologia,
1523 5575 1592 5632 quos
1608 5559 1642 5614 ad
1666 5559 1799 5618 eumdem
1820 5561 1863 5619 tt·

1069 5626 1209 5683 mirtheum
1235 5631 1364 5696 scripsit;
1388 5633 1516 5687 orutrilrus
1544 5645 1662 5702 namque
1677 5631 1853 5697 praemittitur

1069 5697 1278 5771 compresbytero
1291 5697 1428 5756 Timotheo
1443 5701 1732 5828 Diorrgcittssprrsdgtleqr
1747 5720 1757 5757 :
1773 5675 1864 5831 triga:

1529 5789 1544 5828 ι
1595 5787 1679 5828 trtius
1728 5788 1814 5831 omtnr
1835 5792 1865 5836 ut

224 5842 316 5897 maltro
332 5843 359 5896 in
373 5838 500 5912 Hispania
511 5840 655 5910 quotannis
669 5840 713 5894 die
727 5841 776 5908 ipsi
792 5838 861 5895 leste
874 5840 1009 5910 legerunt,
1062 5841 1196 5910 ejusmodi
1210 5842 1418 5912 inscriptionem
1435 5844 1575 5915 praemitti.
1594 5844 1622 5901 td
1644 5844 1719 5918 quod
1734 5846 1819 5906 etiam
1832 5863 1866 5912 tx

223 5910 292 5970 inter
310 5921 423 5972 cantas
439 5921 529 5970 autern
544 5909 683 5971 Palantiua
699 5912 726 5968 iu
740 5909 876 5970 breviario
899 5911 1009 5988 proprio
1061 5910 1184 5971 dicendis
1199 5911 1355 5973 euidentius
1370 5915 1521 5975 inseretur.
