4192 6434
434 371 576 430 1079

1849 366 2052 424 tntum
2093 363 2320 422 omisit

3596 365 3726 421 11180

434 497 608 539 turem
639 495 883 539 creatum
902 484 969 538 ah
999 483 1241 539 exercitu
1272 481 1555 547 cognovit,
1591 491 1733 534 tutus
1763 478 1942 531 :ntimo
1969 494 2031 531 ae
2061 482 2108 540 Α
2140 476 2213 531 h..-
2246 475 2501 545 Hispania
2537 474 2803 546 siquidem
2847 474 2992 528 illico
3016 472 3184 528 Galba
3231 480 3585 530 surrexerat:
3622 487 3728 544 quo

432 592 532 646 spe
593 577 847 631 concidit.
901 578 1145 645 (nutuque
1205 573 1543 628 incredibilia
1607 570 2029 641 1›r·t-ttn·t›andae,

434 670 603 725 immo
688 671 1017 725 subruendae
1090 668 1407 739 reipublica:
1488 667 1624 720 nmla
1718 668 2030 729 moliretur,

435 761 608 815 hostis
640 778 667 812 a
694 771 882 815 senatu
910 759 1309 831 pronuntiatus,
1344 769 1397 814 et
1422 757 1933 829 ignominiosissime
1956 755 2036 811 su-

434 855 621 923 giens,
654 855 721 908 ad
765 863 1014 924 quartum
1064 854 1133 907 :th
1185 852 1331 909 Urbe
1378 851 1609 922 lapidem
1669 851 1712 881 ¹⁸
1761 865 1880 906 sese
1921 851 2035 920 ipsc

437 945 715 1000 interfecit
748 987 764 1012 ,
822 955 987 1015 atque
1039 945 1092 1000 iu
1144 960 1210 1000 eo
1256 944 1434 1000 omnis
1504 942 1776 1000 Caesarum
1833 944 2034 997 familia

442 1037 486 1069 ¹⁴
515 1048 840 1108 cousumpta
871 1047 975 1096 est.

922 1195 1089 1269 474
1126 1196 1358 1253 GtPtJT
1400 1194 1536 1250 vm.

443 1355 524 1411 De
553 1355 760 1422 Galbae,
797 1355 1016 1412 Othonis
1045 1368 1091 1409 et
1131 1353 1328 1410 Vitellii
1371 1356 1618 1423 imperio,
1662 1367 1710 1411 et
1764 1354 1992 1410 moribus
2023 1396 2039 1421 ,

1037 1436 1083 1482 et
1112 1427 1450 1497 facinoribus.

521 1588 537 1617 ⁸
571 1588 728 1641 Anno
753 1586 822 1641 ab
842 1583 988 1641 Urbe
1014 1584 1231 1641 condita
1273 1600 1563 1652 ncccxxtv,
1615 1585 1635 1614 ²
1693 1583 1860 1641 Galba
1902 1584 2043 1654 apud

448 1677 738 1749 Hispanias
769 1680 1049 1749 usurpavit
1071 1679 1355 1749 imperium
1385 1696 1399 1736 ε
1428 1679 1517 1748 qui
1550 1693 1673 1731 mox
1711 1686 1771 1731 ut
1817 1677 2046 1733 Neronis

448 1784 679 1828 mortem
730 1773 1042 1843 comperit,
1089 1772 1315 1827 Romam
1364 1775 1530 1828 venit.
1564 1773 1807 1846 Cumque
1854 1793 2045 1833 omnes

2140 583 2261 623 tuox
2292 583 2582 639 oppresso,
2610 568 2753 623 Otho
2786 566 2972 622 Ruina».
2992 606 3008 633 ,
3042 565 3296 621 Vitellius
3327 566 3380 619 in
3412 564 3730 632 Germania,

2142 662 2503 730 v.·s1›asianus
2533 662 2584 715 iu
2612 661 2765 733 Syria
2797 660 3019 728 imperia
3048 659 3211 713 simul
3241 667 3405 728 atque
3454 673 3602 712 arma
3646 673 3731 712 ra·

2143 761 2393 821 puerunt.
2422 753 2808 808 Prnhentsaue
2832 753 2997 808 etiam
3032 752 3185 806 inviti
3238 751 3539 821 potentiam
3578 750 3731 805 simul

2141 855 2194 902 et
2218 847 2560 902 elementiam
2589 846 2708 912 Dei,
2733 846 2824 916 qui
2845 843 3171 900 Christianis
3204 840 3545 913 temporibus
3572 841 3735 898 oflen-

2142 942 2376 1006 dnntur,
2436 950 2636 1008 qttanta
2681 938 2966 995 celeritate
3004 946 3277 993 tantorum
3329 934 3582 991 incendia
3628 934 3739 990 bel-

2144 1032 2319 1087 lorum
2370 1039 2426 1084 et
2465 1034 2694 1090 excitata
2739 1040 2865 1087 sunt
2909 1038 2966 1086 et
3016 1044 3298 1099 repressa,
3326 1043 3455 1084 cum
3480 1037 3537 1084 et
3579 1036 3733 1083 antea

2145 1128 2384 1184 minimis
2431 1128 2616 1184 causis
2657 1141 2868 1197 magnae
2904 1139 2968 1181 ae
3016 1122 3284 1179 diuturnae
3333 1121 3524 1179 clades
3577 1124 3739 1194 agita·

2146 1231 2367 1288 rentur,
2417 1231 2472 1277 et
2522 1236 2664 1276 nuuc
2714 1218 2929 1274 maximi
2980 1215 3218 1287 undique
3280 1214 3300 1246 ⁸
3352 1225 3740 1283 concrepantes

2147 1329 2462 1384 magnorum
2485 1314 2751 1368 malorum
2772 1311 3035 1380 fragores,
3070 1309 3292 1363 minimo
3318 1306 3585 1378 negotio⁸
3603 1307 3741 1377 sopi-

2148 1414 2354 1462 rentur.
2379 1405 2499 1461 Jam
2522 1406 2667 1460 euim
2699 1413 2817 1459 erat
2847 1402 3062 1468 Romae,
3093 1400 3345 1473 quamvis
3372 1400 3741 1469 persecutione

2148 1509 2368 1563 vexata,
2401 1497 2676 1562 Ecclesia,
2710 1511 2830 1566 quae
2850 1494 3019 1566 judici
3062 1493 3303 1548 omnium
3332 1489 3558 1547 Christo
3586 1491 3739 1547 etiam

2147 1590 2310 1664 475
2369 1608 2465 1660 pro
2517 1590 2751 1645 inimicis
2797 1599 2851 1644 et
2894 1586 3336 1660 persecutoribus
3387 1585 3741 1656 supplicaret.

2151 1682 2317 1752 Igitur
2349 1680 2514 1746 Otho,
2544 1695 2666 1736 cum
2706 1677 2875 1735 Galba
2907 1688 2962 1732 et
2992 1676 3189 1732 Pisone
3219 1676 3409 1731 nonne
3446 1673 3740 1731 interfectis

2153 1777 2293 1831 iuter
2341 1774 2602 1828 tumultus
2657 1771 2945 1842 caedesque
2995 1770 3280 1825 invasisset
3329 1768 3648 1838 imperium,
3682 1781 3739 1820 ae

449 1867 708 1930 avaritia,
736 1867 945 1921 saevitia
969 1908 984 1933 ‚
1024 1865 1361 1938 segnitiaque
1412 1865 1741 1935 offenderet,
1793 1869 2046 1925 Pisonem
2082 1869 2130 1930 B
2158 1888 2280 1926 mox
2312 1879 2553 1927 creatum
2589 1870 2998 1939 imperatorem,
3031 1867 3084 1921 in
3115 1864 3288 1923 Gallia
3337 1880 3438 1933 per
3470 1863 3745 1919 Germani-

447 1958 551 2014 sibi
571 2001 585 2025 ,
619 1959 856 2014 nobilem
881 1959 1313 2031 industriumque
1338 1960 1741 2019 adolescentem
1760 2006 1773 2029 ‚
1801 1963 1852 2018 in
1880 1963 2048 2019 lilium

448 2058 613 2118 atque
646 2049 699 2104 in
724 2064 949 2119 regnum
978 2050 1289 2120 adoptavit:
1320 2068 1442 2108 cum
1467 2067 1574 2123 quo
1603 2054 1833 2125 septimo
1864 2072 2052 2113 mense

453 2143 667 2213 imperii
692 2143 860 2198 suiab
887 2145 1102 2199 Othone
1120 2144 1402 2216 jugulatus
1440 2155 1542 2203 est.
1571 2147 1695 2203 Luit
1724 2148 1894 2205 Roma
1946 2166 2054 2205 cte-

452 2235 615 2291 dibus
662 2234 965 2307 principum
1018 2237 1375 2309 excitatisque
1425 2240 1678 2296 civilibus
1724 2241 1912 2310 hellis,
1967 2257 2051 2297 re·

454 2335 645 2383 centes
666 2327 987 2385 Christiana:
1017 2330 1297 2401 religionis
1329 2331 1588 2402 iujurias:
1620 2343 1677 2389 et
1704 2337 1855 2405 signa
1890 2337 2053 2406 legio·

455 2436 584 2476 num
616 2419 708 2476 illa
730 2464 743 2488 ,
798 2438 918 2492 quae
944 2423 1045 2477 suh
1076 2422 1308 2479 adventu
1342 2425 1393 2479 in
1426 2425 1625 2482 Urbem
1654 2427 1799 2483 Petri
1825 2430 2054 2499 apostoli

456 2512 713 2571 divinitus
735 2517 971 2571 coercita
998 2517 1230 2572 convelli
1261 2518 1410 2574 nullo
1440 2521 1601 2576 modo
1620 2523 1688 2577 ad
1712 2523 2056 2578 excitandum

456 2605 616 2662 civile
680 2607 883 2663 bellum
934 2609 1247 2675 valuerant,
1293 2612 1435 2683 quod
1492 2627 1589 2683 per
1638 2614 2055 2673 Scribonianum

461 2696 783 2768 parabatur,
823 2701 980 2756 Petro
1011 2702 1032 2732 ⁸
1055 2707 1108 2757 in
1139 2702 1281 2759 Urbe
1310 2706 1629 2774 intersect0,
1651 2718 1706 2764 et
1734 2708 2059 2766 Christianis

459 2805 744 2860 poeuarum
769 2794 1084 2850 diversitate
1106 2796 1354 2863 laniatis,
1389 2808 1500 2854 toto
1528 2815 1587 2855 se
1606 2801 1739 2857 orbe
1757 2803 2056 2860 solverunt.

2155 1977 2249 2020 cas
2282 1963 2526 2034 legiones
2556 1960 2833 2017 Vitellium
2880 1958 3258 2027 comperisset,
3309 1956 3331 1986 ⁸
3362 1955 3573 2011 bellum
3603 1954 3747 2010 civile

2159 2059 2398 2123 molitus,
2432 2057 2607 2112 tribus
2637 2055 2870 2126 primum
2894 2053 3106 2110 levibus
3134 2050 3363 2124 praeliis,
3384 2050 3495 2104 hoe
3520 2056 3628 2113 est,
3652 2063 3747 2103 nno

2157 2149 2303 2221 apud
2327 2149 2516 2219 Alpes,
2543 2149 2652 2203 alio
2681 2148 2823 2203 cirea
2872 2144 3226 2213 Placentiam,
3276 2142 3443 2198 tertio
3491 2142 3632 2196 eirea
3676 2141 3747 2195 lo-

2159 2259 2306 2311 eum,
2363 2256 2529 2313 quem
2568 2242 2587 2269 ⁷
2630 2238 2873 2295 Castoris
2923 2246 3140 2304 vocant,
3196 2244 3386 2290 eontra
3442 2233 3748 2290 Vitellianos

2160 2335 2332 2391 duces
2360 2346 2690 2402 congressus
2742 2333 2915 2386 victor
2966 2328 3289 2394 exstitisset,
3342 2335 3566 2398 quarto,
3618 2324 3750 2394 apud

2164 2431 2185 2461 ⁸
2212 2427 2552 2493 Bebriacum,
2574 2423 2783 2496 praetio,
2806 2437 2929 2476 cum
2946 2418 3423 2475 attimadvertisset
3447 2433 3574 2472 suos
3595 2418 3748 2486 vinci,

2164 2526 2185 2558 ⁹
2210 2537 2399 2579 mense
2432 2521 2596 2576 tertio
2626 2534 2787 2589 quam
2818 2519 3091 2586 imperare
3122 2525 3406 2583 eoeperat,
3437 2527 3561 2569 sese
3591 2512 3751 2568 inter·

2167 2617 2312 2674 iecit.
2347 2615 2594 2673 Vitellius
2634 2616 2805 2671 victor
2832 2613 3058 2669 Romam
3088 2613 3235 2667 venit
3270 2628 3285 2665 :
3316 2608 3408 2663 ubi
3441 2621 3567 2660 enm
3597 2604 3752 2660 multa

2167 2710 2464 2768 crudeliter
2489 2723 2553 2764 ae
2579 2708 2828 2779 nequiter
2850 2715 3054 2776 ageret,
3087 2701 3397 2759 incredibili
3421 2700 3589 2755 etiam
3611 2710 3756 2751 vora-

2169 2810 2351 2868 citatis
2378 2803 2622 2877 appetitu
2651 2802 2941 2857 humanam
2967 2797 3131 2852 vitam
3162 2793 3376 2866 probris
3410 2800 3754 2862 aggravaret,

1756 2921 2212 2983 ttavssttcatwl
2245 2918 2473 2979 No'rAE.

500 3032 624 3115 ’¹5.
658 3030 784 3087 Sese
811 3030 923 3101 ipse
948 3031 1226 3102 interfecit.
1273 3031 1327 3086 ln
1374 3031 1508 3088 Edd.
1560 3034 1883 3105 quibusdam
1923 3038 2057 3112 abji-

464 3110 607 3159 ettur
635 3119 761 3158 sese.

536 3171 621 3229 tt.
641 3171 960 3244 Consumpta
986 3183 1079 3229 est.
1107 3174 1403 3231 Florentio.
1440 3190 1552 3232 sec.
1581 3190 1934 3236 consummata
1954 3190 2058 3237 est.

537 3242 669 3300 Car.
697 3243 829 3300 vul.
853 3274 926 3285 —
954 3248 1004 3299 t.
1038 3247 1187 3300 Anno
1213 3247 1276 3299 ab
1336 3245 1504 3312 Urbe,
1551 3259 1657 3304 ete.
1685 3249 1833 3310 Flor.
1858 3263 1984 3309 tert.
2010 3262 2064 3310 et

467 3314 593 3372 edd.
625 3315 871 3384 quaedam
903 3323 1037 3371 vett.
1070 3317 1206 3372 ‹luns
1228 3331 1401 3371 annos
1429 3321 1606 3374 miuus
1633 3334 1939 3379 numerant.

542 3389 598 3440 2.
629 3385 797 3441 Galba
827 3389 970 3453 apud
999 3386 1307 3457 Hispanias.
1357 3389 1497 3459 Lege
1525 3390 1769 3448 Tacitum
1818 3394 1911 3450 lib.
1961 3411 2059 3462 xv,

2168 3038 2278 3095 sito
2308 3038 2427 3093 dem.
2460 3033 2618 3090 busto
2651 3028 2720 3085 ad
2742 3029 3002 3083 humeros
3029 3022 3194 3092 alato,
3219 3019 3545 3092 designans.
3578 3018 3756 3075 Serva-

2171 3118 2260 3166 tur
2290 3108 2345 3162 iu
2375 3105 2565 3161 eadem
2607 3100 2753 3158 Gaza
2781 3110 3032 3155 nummus
3067 3091 3314 3158 Claudii,
3348 3106 3418 3146 ex
3455 3106 3522 3145 eo
3549 3104 3750 3172 genere,

2170 3181 2262 3251 qui
2286 3175 2610 3242 Antiochiae,
2632 3186 2754 3226 eum
2781 3178 2905 3224 uota
2928 3166 2990 3223 S.
3005 3164 3068 3221 C.
3094 3165 3294 3219 laureae
3314 3163 3555 3229 inclusa,
3572 3168 3750 3230 signati

2171 3251 2492 3307 creduntur.
2531 3245 2579 3300 ls
2623 3255 2880 3299 nummus
2912 3238 2980 3293 ad
3010 3237 3212 3292 collum
3246 3236 3577 3301 impressam
3607 3231 3754 3286 hahet

2174 3332 2378 3387 notam,
2413 3331 2520 3390 qua
2563 3328 2735 3371 nexus
2766 3314 3100 3376 litterarum,
3139 3318 3262 3375 quae
3302 3305 3541 3361 Othonis
3577 3316 3750 3358 nomen

2172 3403 2226 3450 et
2248 3389 2593 3462 imperatoris
2613 3384 2832 3442 titulum
2855 3380 3188 3448 exprimunt,
3207 3374 3750 3445 comprehenduntur.

463 3468 522 3515 et
542 3458 768 3513 Sueton.
803 3458 909 3512 Sed
950 3456 1134 3514 Galba:
1193 3461 1295 3512 vita
1346 3459 1634 3526 diligenter
1680 3479 1709 3519 a
1770 3465 2060 3521 Plutarcho
2086 3456 2134 3520 C
2170 3464 2237 3520 Et
2263 3463 2458 3519 hortun
2495 3459 2759 3532 picturam
2782 3469 2892 3510 nou
2917 3450 3211 3507 illubenter
3236 3445 3439 3515 adieci.

465 3531 668 3599 scripta
699 3529 960 3597 imprimis
983 3528 1226 3598 legenda.
1258 3529 1404 3586 idem
1437 3531 1705 3589 Othonem
1738 3535 2050 3606 descripsit,

464 3600 536 3657 de
556 3614 663 3670 quo
685 3598 1023 3667 xiphilinus,
1046 3602 1366 3664 Suetonius.
1400 3603 1626 3673 Eutrop.
1652 3615 1709 3661 et
1734 3607 1846 3661 alii.
1880 3607 2049 3663 Fun.

538 3673 591 3728 5.
623 3670 690 3726 Iu
732 3668 1019 3726 Urbe.Mss.
1061 3671 1231 3742 Lugii.
1283 3672 1423 3727 Batt.
1456 3689 1577 3729 eum
1625 3675 1763 3732 Coll.
1811 3678 2045 3733 Gronov.

464 3745 676 3802 addunt
699 3743 885 3800 Roma.
913 3742 1116 3800 Deinde
1139 3759 1236 3813 pro
1262 3744 1621 3814 agitat-eninm
1647 3747 1892 3806 Floreut.
1915 3764 2022 3806 sec.
2037 3790 2051 3816 ,

463 3825 754 3873 afferentur.

500 3836 588 3943 ι14.
627 3887 1025 3957 concrepantes.
1056 3885 1155 3942 Ed.
1191 3887 1324 3957 Aug.
1349 3930 1364 3954 ,
1421 3887 1759 3960 increpantes.
1799 3891 2050 3960 venetae,

465 3967 861 4031 constrepentes.

534 4032 587 4087 5.
615 4030 949 4099 Sopirentur.
983 4029 1155 4099 Lego,
1178 4040 1504 4098 soporentur.

539 4102 593 4155 6.
646 4100 848 4155 Bellum
895 4100 1043 4154 civite
1088 4102 1317 4155 molitus.
1363 4100 1498 4157 Cod.
1539 4104 1811 4174 Perizun.,
1856 4105 2054 4161 Bellum

465 4171 616 4226 ciuile
639 4170 880 4236 molitus-5
905 4186 1142 4240 eumque,
1169 4182 1274 4227 etc.

542 4244 591 4296 7.
628 4241 881 4296 Castoris.
914 4241 1187 4305 Perizon„
1219 4240 1492 4309 Castores:
1518 4254 1573 4301 et
1602 4245 1681 4300 sie
1708 4262 1924 4316 quoqne
1948 4246 2055 4301 duo

449 4311 791 4379 florentini.
823 4312 883 4367 ln
915 4311 1176 4368 Suetonio
1206 4322 1385 4368 tamen
1416 4314 1646 4370 Castoris
1681 4319 1898 4383 legitur,
1931 4335 2051 4391 cap.

466 4384 525 4453 9,
558 4394 605 4438 et
632 4383 703 4437 ad
733 4381 982 4443 Castoris,
1048 4384 1151 4438 nod
1179 4384 1291 4438 loco
1318 4401 1502 4442 nomen
1531 4397 1628 4453 est,
1655 4389 1801 4445 vicit.

538 4456 591 4510 8.
628 4454 958 4510 Bebriucum.
1037 4456 1296 4509 ebriacum
1329 4456 1494 4514 hahet
1520 4460 1682 4515 etiam
1717 4458 1937 4517 Tacitus
1961 4462 2052 4517 lib.

467 4543 593 4592 vm,
637 4526 866 4593 Eutrop.
913 4525 1007 4580 lib.
1065 4542 1168 4592 vu,
1200 4526 1494 4584 Suetonius
1524 4539 1582 4586 et
1620 4531 1747 4586 Sex.
1778 4532 2056 4588 Aurelius.

463 4599 574 4654 Sed
604 4611 711 4652 non
739 4606 871 4664 puto
896 4597 1277 4668 negligendum
1318 4601 1465 4669 quod
1506 4601 1559 4656 in
1588 4600 1872 4658 Gunttheri
1916 4603 2056 4660 libro

443 4678 568 4734 est,
601 4667 915 4736 Betriacum,
968 4684 1093 4723 nam
1141 4679 1198 4725 et
1248 4670 1388 4726 t‘tut.
1437 4673 1491 4726 in
1538 4673 1754 4729 Othone
1782 4676 2057 4752 Βητριακὸν

461 4738 647 4797 habet.
681 4738 848 4794 Fun.

539 4812 595 4867 9.
629 4810 809 4866 Mense
832 4812 1001 4865 tertio.
1036 4809 1189 4866 Unde
1218 4825 1483 4883 negantur
1514 4816 1747 4871 inveniri
1769 4817 1931 4887 huius
1957 4818 2056 4872 im·

542 4882 736 4937 ratoris
756 4881 884 4935 aerei
911 4882 1141 4942 nummi.
1169 4882 1221 4937 id
1253 4894 1356 4951 est,
1384 4902 1413 4939 a
1444 4888 1744 4943 triumviris
1768 4888 2053 4943 monetali·

507 4970 569 5010 us
600 4954 829 5009 Senatus
861 4951 1090 5006 Romani
1122 4956 1261 5016 cusi,
1286 4971 1411 5009 nam
1440 4959 1593 5012 aurei
1625 4959 1831 5026 plnres,
1863 4974 2056 5028 argen-

464 5026 539 5081 tei
585 5024 941 5080 inveniuntur
991 5024 1239 5093 plurimi,
1292 5025 1533 5098 AEgyptii
1580 5045 1796 5100 qunque
1841 5046 1909 5084 ex
1950 5046 2061 5086 :rre

461 5104 790 5165 supersunt,
823 5094 1040 5163 qualem
1089 5095 1363 5165 quondam
1410 5100 1463 5152 in
1513 5116 1702 5155 museo
1749 5100 2061 5156 Marckiano

461 5166 783 5229 observavi,
825 5172 881 5217 et
918 5178 1040 5219 cum
1070 5181 1203 5220 euru
1245 5167 1464 5237 depingi
1509 5171 1661 5235 iussi.
1710 5170 1827 5226 Vidi
1879 5183 2061 5227 tamen

461 5253 630 5294 nuum
660 5251 860 5291 aereum
884 5237 1137 5291 secundae
1169 5241 1578 5308 magnitudinis.
1606 5257 1782 5312 neque
1803 5242 2061 5299 Graecntn

457 5325 638 5379 neque
687 5306 1027 5391 AEgyptittm,
1079 5307 1173 5361 sed
1225 5308 1434 5365 Latinis
1473 5312 1792 5383 insignitum
1841 5314 2063 5379 litteris,

451 5396 616 5456 quem
642 5394 842 5435 merno
869 5390 1083 5432 erucem
1110 5380 1545 5451 antiquariorum
1571 5386 1873 5445 vocaveris.
1908 5401 2054 5444 nam.

451 5464 515 5509 ut
539 5466 727 5506 veru=n
762 5450 959 5510 fatear,
992 5449 1250 5506 decidere
1280 5451 1396 5523 ipse
1427 5453 1647 5524 nothus,
1689 5470 1756 5510 au
1783 5458 2062 5527 genuinus

449 5524 544 5591 sit,
572 5525 699 5594 jure
741 5538 849 5579 non
881 5523 1083 5580 ausim.
1105 5519 1370 5579 Servatur
1403 5525 1797 5582 Amstelodami
1822 5528 1874 5581 iu
1908 5530 2058 5582 lut-u-

446 5598 753 5668 pletissimo
772 5596 1159 5668 gazophylacio
1178 5596 1406 5653 Gosuiui
1433 5598 1825 5655 Uilenht·‹›ekii.
1852 5600 2056 5656 Utrius-

448 5684 554 5740 que
576 5671 780 5724 nummi
808 5668 1072 5736 picturam
1097 5668 1373 5737 subjunxi.
1400 5670 1721 5733 Servantur,
1749 5686 1875 5725 eum
1898 5671 2054 5735 alibi,

447 5750 564 5795 tum
586 5743 756 5809 Aquis
781 5739 987 5797 Sextiis
1005 5739 1058 5792 in
1082 5738 1280 5794 select-t
1306 5756 1378 5810 qu
1397 5755 1521 5811 »que
1543 5754 1672 5809 gaza
1699 5741 2055 5805 Lehretiana,

450 5825 702 5867 nummus
731 5811 966 5868 Othonis
992 5808 1214 5868 Graecus
1242 5811 1529 5868 victoriam
1571 5809 1844 5879 eiusdem,
1879 5827 2058 5885 appo·
