4192 6434
268 348 300 406 rr
663 298 664 302 Ν
730 322 881 402 i'tsttns
900 345 1023 403 socrus
1043 326 1185 405 nns'rrn
1205 325 1468 408 crinoiioioiiii.

266 463 567 483 ..u-m

572 576 847 668 ubts'utttt
884 595 960 666 sn
996 533 1286 668 stitutum
1321 582 1625 672 unisonum.

267 881 372 939 Gabriel
382 880 414 937 S.
426 880 460 936 li.
470 880 502 934 E.
515 879 584 935 tltirli
592 870 622 936 8.
639 876 825 935 Eortlrolonmti
838 877 864 932 ln
875 863 964 933 insula
974 866 1114 948 Presbyter
1123 876 1273 933 cardinalis
1284 879 1413 948 deTreio,
1422 892 1475 939 etr.
1493 880 1641 939 Veueiabili
1653 884 1708 938 uiro
1718 880 1742 935 t
1743 900 1765 939 r.
1778 882 1803 936 F
1805 885 1919 940 rancisro

512 973 615 1028 Bionrio
627 971 842 1044 Conpreparionis
858 969 1011 1040 liispnrtieot
1023 970 1054 1026 S.
1067 968 1197 1025 Bernardl
1209 970 1333 1028 Gerrerali
1348 973 1530 1043 Procuratori,
1549 976 1677 1033 salntem,

305 1071 370 1139 Quoe
382 1069 531 1125 contmuuilt
544 1068 617 1123 uobis
630 1072 707 1121 lintea
720 1069 830 1136 feceras,
845 1064 1025 1135 manuscripta
1035 1060 1228 1120 Commentario
1240 1073 1284 1120 tun
1300 1066 1328 1120 ln
1339 1066 1465 1123 Flauium
1481 1068 1610 1130 lieutrsrm
1627 1071 1809 1141 perantiquam
1821 1070 1919 1141 llispo-

268 1182 330 1220 aunr
345 1174 478 1228 nostram,
501 1177 569 1215 rranc
588 1159 655 1230 lqpis
670 1158 822 1213 excudenda
837 1157 926 1226 dicas,
942 1154 1098 1228 publicoque
1111 1155 1228 1227 bonore,
1248 1168 1422 1231 perpetuaque
1442 1161 1566 1228 beneficio
1587 1179 1628 1219 me
1638 1164 1737 1233 allicis,
1754 1182 1829 1236 qoem
1843 1178 1919 1219 astrea

266 1257 425 1315 contnrodati
439 1259 472 1310 ad
485 1255 614 1308 modicam
628 1265 727 1323 tempus
740 1254 854 1307 muneris
864 1250 1040 1324 protissinrum
1054 1258 1175 1321 expertus
1191 1267 1228 1307 cs.
1245 1250 1313 1316 Quid
1328 1269 1387 1325 erpo
1402 1269 1451 1307 non
1463 1254 1580 1324 debeam,
1592 1257 1636 1325 qui
1649 1270 1710 1310 tnnc
1724 1273 1764 1309 rne
1779 1256 1918 1312 rlrbirorern

266 1353 399 1426 professus
413 1347 488 1403 sum?
501 1347 534 1402 tr
549 1350 602 1415 p'arn
616 1355 719 1414 portem
729 1344 811 1399 debiti
822 1345 901 1398 soluo.
916 1341 979 1395 dum
994 1341 1103 1396 libenter
1115 1350 1139 1396 et
1155 1342 1237 1396 alacri
1253 1344 1342 1398 animo
1353 1344 1503 1416 beneficium
1519 1348 1631 1417 recipio,
1644 1350 1795 1421 ripnumqne
1811 1351 1917 1405 notissi-

266 1461 338 1499 mum
349 1442 517 1516 qratitudinis
532 1448 644 1511 perusto,·
658 1440 732 1493 nulla
745 1440 814 1493 enim
828 1440 925 1494 ctnrfor
938 1447 999 1494 noto
1011 1439 1084 1493 aonri
1101 1438 1245 1510 inqrariqne
1259 1443 1340 1495 animi
1354 1452 1391 1496 est
1403 1484 1411 1511 ,
1424 1461 1502 1513 qnarn
1514 1444 1655 1514 beneficia,
1670 1447 1761 1516 quibas
1775 1458 1879 1517 pratum
1892 1464 1919 1502 se

265 1542 385 1610 [uturum
396 1554 448 1590 uon
458 1543 558 1607 sperat,
570 1549 691 1604 respuere
704 1533 743 1587 uel
755 1543 828 1587 torro
843 1533 914 1587 uultu
931 1532 1076 1588 admittere.
1095 1530 1217 1587 b'laoiurn
1231 1533 1359 1590 Declrunt
1373 1534 1538 1605 llispnnnrn,
1561 1539 1702 1606 retecisqne
1714 1538 1806 1608 pntrire
1823 1550 1919 1595 nostr'cu

265 1633 383 1688 ltistoriae
404 1631 532 1702 insiqnem
546 1629 717 1696 scriptorem,
734 1625 833 1680 silentii
848 1634 871 1678 et
886 1624 1022 1679 oblivionis
1042 1623 1153 1679 tenebris
1166 1637 1244 1678 antea
1258 1626 1391 1696 obrutnm,
1408 1644 1476 1683 nane
1494 1631 1520 1683 in
1536 1628 1618 1684 lrrcem
1634 1631 1752 1698 prolers;
1772 1635 1918 1702 [orrtcnrqne

265 1722 489 1794 limpidissimum,
505 1720 636 1775 occultant
649 1725 727 1768 ontea
737 1723 760 1766 et
778 1715 893 1776 inuium,
909 1711 1027 1767 cornibus
1041 1712 1210 1781 atartiscslas,
1224 1715 1354 1786 pentisque
1379 1727 1474 1771 nostra·
1493 1728 1665 1789 perrelusarnr
1679 1718 1757 1788 fidene
1770 1730 1793 1773 et
1808 1722 1917 1791 reliqio-

266 1832 336 1880 nent,
348 1821 499 1868 sanctorum
513 1817 670 1876 martprurn,
686 1807 867 1873 confessorum
878 1813 901 1857 et
914 1803 1043 1874 oirqirmrn
1057 1803 1142 1873 qloriu
1156 1804 1297 1876 illustrem,
1313 1824 1379 1863 rrouo
1396 1812 1543 1880 preconio,
1558 1814 1678 1883 claroque
1693 1829 1764 1882 uoce,
1778 1831 1809 1868 ec
1819 1824 1917 1868 petrino

267 1907 340 1961 illins
356 1913 459 1976 vellate
470 1908 616 1964 resonante,
633 1897 746 1961 catallis,
757 1896 869 1967 antiquis
884 1909 950 1949 rtoao
963 1895 1098 1963 adjanqis,
1110 1895 1240 1966 fidemque
1252 1900 1344 1952 octnsti
1358 1903 1472 1956 auctoris
1483 1904 1670 1959 neotericornm
1684 1908 1916 1962 arrctoritateconr·

269 1997 378 2068 probas,
396 1991 491 2049 similis
508 1989 617 2058 quidam
630 1986 717 2041 luctus
734 1986 837 2040 lrornini
852 1985 1049 2055 patrrlarniliss,
1065 1985 1110 2058 qui
1121 1985 1229 2059 prolcrt
1244 1988 1278 2043 cle
1294 1989 1423 2046 tlressuro
1432 2008 1482 2049 sno
1495 2010 1562 2049 nors
1578 2006 1606 2051 ct
1623 2004 1714 2051 resera
1726 1998 1833 2069 (blsrttlr.
1847 2012 1916 2069 rin).

269 2091 378 2144 Omnem
391 2099 451 2156 erqo
466 2082 617 2136 tlresourum
627 2077 754 2144 effudisti,
769 2076 833 2146 quid
847 2083 926 2132 restat
940 2076 987 2130 tibi
998 2077 1010 2130 l
1020 2075 1085 2146 quid
1098 2077 1212 2132 muneris
1227 2079 1392 2149 exiquitatem
1402 2099 1510 2138 excusas
1522 2083 1534 2137 l
1544 2102 1577 2138 on
1589 2086 1773 2156 quperlolr'ee?
1784 2104 1816 2140 a„
1829 2101 1919 2143 sopp„

266 2190 377 2233 mentem
387 2175 499 2245 loqueris
508 2172 519 2225 l
529 2171 574 2225 seri
586 2170 671 2224 resins
682 2179 780 2240 putcrn;
791 2166 938 2240 eeanqelico
954 2184 1036 2234 nsore,
1054 2185 1110 2222 curn
1124 2161 1220 2235 anrnio,
1233 2186 1292 2240 quor
1309 2182 1380 2242 potes
1393 2174 1477 2245 [eristi
1485 2215 1492 2241 ,
1506 2173 1572 2230 dicis
1588 2193 1596 2229 .·
1614 2176 1691 2233 Serri
1706 2181 1812 2237 inutiles
1823 2197 1917 2239 snnrns

265 2273 348 2346 (Luc.
364 2269 449 2338 xrtt).
466 2264 584 2336 Eciquus
600 2264 663 2317 liber
678 2260 701 2315 F
703 2262 782 2328 larii,
800 2262 821 2315 si
837 2263 870 2314 od
889 2262 1009 2315 uolumen
1024 2262 1109 2329 ipsurn
1123 2261 1298 2342 attendimus;
1313 2264 1437 2335 procedis,
1453 2267 1476 2319 si
1496 2266 1521 2319 in
1537 2282 1566 2320 ea
1581 2277 1702 2322 contenta
1713 2286 1722 2334 ;
1734 2288 1813 2343 porro
1831 2275 1918 2330 codice

268 2380 363 2435 rnaqna
376 2364 471 2416 contin.
482 2370 509 2425 t,
531 2355 633 2410 rrullnrn
647 2356 673 2408 in
689 2372 719 2410 eo
734 2355 844 2408 otiosum
859 2352 915 2425 leqo
929 2353 1048 2421 rerbtrnt,
1070 2354 1206 2408 dissimilis
1222 2356 1324 2421 quidem
1339 2369 1377 2412 est
1393 2359 1503 2414 verbosis
1526 2361 1766 2430 plrilasoplrantiunt
1787 2384 1918 2425 continen-

267 2460 356 2524 tnriis,
383 2456 546 2520 ntlornmqne
572 2451 689 2520 scriptis,
717 2449 743 2502 in
767 2450 932 2518 quibuscum
955 2446 1134 2518 lonqbssimnrn
1157 2457 1256 2520 tenipus
1282 2451 1450 2517 contriveris,
1476 2453 1519 2507 ris·
1539 2453 1678 2524 quidqnant
1693 2458 1762 2525 qaod
1778 2470 1859 2514 rnente
1874 2478 1914 2517 re·

267 2556 349 2608 lineru
372 2551 483 2614 debeas,
510 2549 633 2604 inuenies.
658 2546 720 2603 Nou
742 2563 802 2618 erqo
828 2544 903 2601 illum
928 2556 1139 2614 contemnemus,
1163 2549 1208 2617 qni
1233 2548 1341 2601 breviari
1372 2549 1440 2618 sipla
1473 2547 1576 2622 lonqnm
1609 2554 1719 2608 continet
1753 2557 1919 2626 antiqnnrnm

267 2664 352 2702 rerunt
377 2645 489 2709 seriem3
518 2658 562 2697 nec
591 2640 658 2695 nlios
684 2639 913 2712 rnaqnilaciernns,
938 2639 982 2708 qni
1004 2639 1080 2707 lonqo
1102 2638 1237 2693 uerborum
1259 2649 1387 2710 apparatu
1414 2641 1501 2693 omnio
1526 2643 1613 2710 potius
1639 2646 1816 2714 contundunt,
1841 2665 1918 2717 qnam

266 2741 417 2809 explicarem
439 2740 490 2794 nisi
515 2736 614 2793 similes
639 2739 662 2792 ei
684 2752 738 2792 esse
764 2736 898 2798 uolumus,
927 2734 971 2803 qai
993 2749 1025 2788 ec
1050 2747 1130 2789 aureo
1154 2749 1248 2802 nraqno
1278 2742 1302 2802 et
1324 2733 1432 2806 pnlclrro
1455 2733 1585 2790 coclrleari
1615 2751 1738 2791 venenant
1765 2742 1850 2806 potins
1876 2760 1919 2796 sa-

270 2849 349 2898 merc,
367 2849 443 2902 qnam
456 2847 489 2886 sc
500 2831 617 2891 minimo,
632 2837 658 2883 el
668 2845 700 2883 ea
713 2828 759 2882 oili
773 2828 894 2889 materia,
908 2824 959 2879 mel
970 2842 1062 2898 supere
1075 2824 1152 2897 eleqit
1167 2824 1263 2897 (Cyril.
1279 2825 1326 2897 lib.
1344 2843 1392 2893 rn,
1404 2835 1498 2883 eontra
1512 2826 1592 2901 iub).
1605 2829 1724 2886 Sirnilem
1741 2849 1789 2904 eqo
1800 2837 1921 2889 emissae,

267 2928 359 2981 robam
375 2925 467 2980 Flauii
481 2925 580 2980 librnnr
594 2922 698 2977 cnidum
714 2921 772 2976 rrooi
785 2919 928 2975 Plroenicio’
942 2919 1039 2993 (cuias
1056 2918 1171 2972 meminit
1186 2915 1334 2988 Xenophon
1348 2919 1356 2988 )
1371 2918 1480 2989 lubrica
1495 2931 1676 2990 peronqustoe,
1687 2937 1745 2989 qna
1760 2937 1818 2975 cnm
1833 2941 1920 2986 ormo-

267 3037 340 3084 rum,
355 3020 600 3082 instrumentorum,
618 3014 744 3069 orercinm
757 3028 788 3068 oc
804 3010 974 3080 supellectilis
989 3009 1176 3080 cuiuscumque
1189 3010 1302 3079 perraris,
1318 3009 1444 3064 r'rnrnensa
1457 3011 1591 3077 uarietate,
1607 3021 1629 3064 et
1645 3013 1810 3066 multitudine
1823 3017 1920 3079 repleta

269 3125 346 3179 esset,
360 3113 465 3186 sinpnla
479 3110 606 3166 tamenin
620 3125 650 3162 ca
661 3121 713 3162 tam
723 3106 866 3174 artificiose
881 3101 1025 3168 collocata,
1039 3113 1065 3154 et
1078 3099 1170 3157 solerti
1182 3101 1273 3155 ordine
1284 3101 1412 3172 disposita
1425 3112 1514 3168 errrnt,
1528 3112 1555 3155 nt
1568 3112 1592 3156 et
1603 3103 1659 3158 sine
1680 3105 1862 3176 impedimento
1874 3123 1919 3174 per

266 3209 351 3263 nasim
364 3209 522 3270 discurrere,
538 3213 563 3258 et
573 3203 601 3256 ia
615 3210 687 3256 tanta
702 3214 790 3254 rerum
803 3196 986 3261 ntnlritudirre,
1001 3192 1108 3267 sinqnla
1121 3191 1204 3249 ocnlis
1225 3196 1344 3249 contueri
1358 3236 1365 3261 ,
1379 3206 1403 3249 et
1421 3195 1454 3248 nd
1470 3212 1574 3250 rrranum
1589 3213 1644 3251 rent
1661 3214 1786 3270 quamque
1799 3212 1918 3271 paparum

268 3301 366 3358 babere
376 3309 400 3354 et
413 3298 530 3353 inuenire
542 3293 660 3368 quisquis
673 3301 767 3363 posset.
784 3287 922 3358 Siquidem
935 3288 962 3341 in
973 3285 1106 3354 Floriano
1119 3285 1229 3341 lrirtaria
1241 3286 1277 3339 ito
1288 3287 1376 3339 omnia
1390 3287 1525 3356 disposita,
1542 3297 1569 3340 ut
1582 3290 1661 3356 plena
1674 3290 1800 3343 mercibus
1812 3292 1919 3347 dirersis

266 3411 347 3467 paruo
363 3394 447 3456 nanis,
464 3390 551 3445 ornnia
564 3402 622 3459 quoe
638 3385 722 3449 babet,
737 3385 764 3436 in
779 3390 917 3452 conspectu
929 3381 1058 3443 ostendat,
1070 3386 1094 3432 et
1104 3379 1131 3432 in
1146 3377 1259 3443 quolibet
1274 3394 1367 3445 uersu,
1385 3381 1512 3434 nedicunt
1526 3381 1619 3446 uerbo,
1637 3383 1782 3452 ponderoso
1799 3401 1918 3450 coorpnn.

267 3486 312 3541 dio
325 3485 466 3547 contineat,
478 3494 537 3549 qua
551 3479 695 3548 lonqiorem
709 3472 839 3544 cosrtplere
854 3480 958 3540 possent
972 3469 1119 3524 ltistoriarn.
1137 3468 1272 3525 Scribebat
1285 3471 1390 3542 quidem
1404 3488 1455 3526 non
1470 3481 1497 3525 nt
1506 3473 1662 3536 sapientiam
1678 3483 1815 3528 ostentaret
1829 3493 1915 3544 snanr,

266 3578 312 3634 sed
327 3590 354 3635 ut
365 3577 392 3629 in
404 3572 537 3628 remotiori
548 3569 608 3624 orbe
618 3566 777 3621 habitantem
788 3565 980 3635 Hieronymum
992 3562 1146 3631 Hispaniae
1157 3562 1291 3635 reliqionis
1305 3565 1440 3618 certiorem
1453 3565 1560 3633 faceret,
1575 3565 1683 3636 ideoque
1697 3567 1792 3621 libruru
1807 3570 1917 3639 lonqiori

265 3670 353 3725 itineri
367 3666 592 3730 comnnttendurn,
610 3660 718 3714 breviori
734 3657 882 3730 perstrinm‘t
895 3655 1008 3711 calamo.
1026 3661 1121 3714 ilerum
1135 3671 1166 3710 ne
1180 3657 1247 3725 lacte
1261 3656 1342 3711 alicui
1357 3657 1485 3711 uideretur
1502 3658 1580 3712 altior
1592 3657 1740 3730 breciorqne
1753 3664 1835 3733 srqlns
1857 3683 1917 3734 poe-

265 3765 343 3819 ticam
356 3770 445 3816 notam
457 3756 609 3819 incurrisse,
628 3754 695 3806 bum
717 3751 807 3806 broris
821 3764 884 3806 osso
899 3749 1006 3814 laboro,
1022 3749 1157 3804 obscurus
1173 3751 1208 3804 tio
1222 3749 1333 3818 (ttoni.
1350 3747 1384 3804 do
1399 3749 1467 3803 Arte
1480 3750 1584 3819 poetica
1595 3753 1616 3823 ),
1633 3763 1660 3806 tu
1675 3771 1726 3808 non
1741 3758 1825 3810 sotum
1846 3775 1915 3813 con-

266 3830 367 3927 plicata
379 3864 457 3907 autea
468 3851 547 3920 lonqa
558 3845 675 3912 silentio,
689 3852 712 3898 et
726 3843 849 3898 brucilnte
860 3841 986 3895 orationis
1000 3840 1067 3910 lolia
1077 3841 1103 3895 in
1115 3841 1197 3895 lucent
1212 3840 1356 3908 deduxisti,
1367 3842 1412 3895 sed
1431 3842 1580 3910 replicasti,
1595 3851 1704 3914 ornasti,
1718 3859 1740 3901 et
1756 3850 1916 3919 declarasti,·

265 3945 446 4005 condecorasti
461 3939 541 3996 simul
556 3938 668 4009 patriam
681 3943 816 3989 uestram:
827 3949 886 3986 rtarrt
897 3948 957 3987 cum
971 3933 1145 3987 certissimum
1158 3933 1192 3986 sit
1211 3949 1268 3988 eam
1280 3933 1315 3985 ita
1331 3933 1516 4004 predicatione
1529 3938 1673 4008 apostolica
1691 3941 1841 4012 insiqnirnnr
1855 3988 1861 4012 ,
1877 3954 1915 4013 nr,

265 4047 328 4095 teste
345 4033 521 4099 Tertulliano,
534 4045 622 4083 onrnes
635 4027 738 4081 ter-ruini
752 4025 889 4095 liispaniu
902 4025 980 4095 fidens
992 4025 1153 4097 susceperint
1170 4024 1286 4095 (lertnl.
1302 4028 1433 4082 adversus·
1450 4027 1571 4092 induas,
1586 4046 1647 4101 cap.
1668 4032 1715 4104 7),
1733 4044 1756 4087 er
1773 4034 1914 4106 cumiano,

263 4132 292 4193 in
303 4147 333 4184 ea
344 4138 412 4183 recte
427 4121 645 4193 perseuerauerint
660 4119 800 4190 (cyprian.
818 4118 900 4187 epist.
913 4117 984 4186 68),
1000 4133 1050 4170 non
1063 4116 1166 4182 desrrrrr,
1177 4117 1222 4186 qai
1240 4117 1389 4188 opinionem
1409 4123 1557 4189 famemque
1573 4133 1688 4184 nostram
1702 4123 1855 4180 ralnrnniori
1873 4146 1914 4182 ce-

266 4227 326 4288 liut,
338 4232 363 4275 et
379 4218 484 4280 ludere,
502 4214 628 4285 sapitisne
640 4252 647 4275 ,
660 4222 683 4265 et
703 4210 905 4263 commaculare.
924 4206 1002 4262 Nunc
1023 4223 1110 4264 aretem
1128 4209 1179 4262 nisi
1194 4217 1312 4277 prolerre
1328 4219 1351 4262 et
1365 4211 1533 4280 pertint-citer
1547 4229 1573 4265 se
1589 4230 1679 4282 qerere
1695 4214 1788 4284 uelint,
1811 4221 1915 4275 olarios-l

264 4332 342 4389 quom
357 4311 471 4385 pltoeboea
485 4307 541 4360 lnce
557 4304 702 4370 aspicient,
719 4313 843 4370 qnantum
859 4298 890 4353 ob
909 4300 984 4354 initio
1003 4301 1135 4356 nascentis
1156 4299 1283 4356 Ecclesia
1295 4301 1452 4373 profecerint
1469 4300 1602 4375 Hispani,
1618 4316 1679 4374 quot
1700 4312 1784 4362 sancti
1798 4328 1830 4365 ex
1842 4313 1913 4367 inqu,

263 4421 337 4482 pente
349 4406 478 4475 linrtqres
488 4403 607 4472 odqaere,
623 4397 721 4467 qnotirs
733 4414 786 4451 nou
796 4396 900 4468 deluere
914 4397 1017 4466 tyranni
1025 4411 1035 4462 ,·
1049 4407 1111 4467 qnot
1123 4397 1282 4466 consessores
1292 4399 1438 4468 placuerunt
1450 4398 1572 4466 celebres,
1586 4417 1655 4472 cunt,
1668 4414 1782 4459 cessante
1795 4424 1913 4476 persecu-

264 4509 345 4565 tione,
360 4502 483 4554 nictatuns
495 4493 620 4550 exercitia
631 4492 709 4544 libere
721 4505 840 4544 erescere
854 4487 981 4541 valuerint
993 4502 1002 4552 ‚⁶
1015 4497 1080 4558 quot
1093 4489 1216 4558 uirqines,
1233 4504 1300 4557 qna,
1311 4501 1432 4556 snperato
1443 4507 1518 4552 secu,
1532 4492 1665 4562 (acriisque
1676 4503 1700 4547 et
1715 4497 1804 4547 nnmrli
1820 4501 1913 4567 adepta

264 4595 383 4656 uictoria,
399 4607 426 4645 se
439 4599 524 4645 castas
539 4585 707 4639 diiectissimo
720 4597 814 4652 sponso
825 4580 964 4635 cultibuere
978 4578 1093 4634 Cirristo.
1108 4576 1195 4633 Flebit
1208 4581 1296 4649 itaque
1301 4582 1359 4649 jam
1373 4580 1476 4636 dextere
1490 4579 1599 4636 Flauius
1612 4582 1707 4637 Lucius
1720 4582 1826 4654 licerer,
1836 4607 1913 4659 quem

266 4691 348 4762 (uelut
361 4703 375 4741 e
386 4683 503 4739 soranis
517 4688 602 4734 uentos
615 4674 707 4746 lutto)
723 4691 756 4730 es
771 4674 908 4728 oblivionis
921 4689 1023 4727 carcero
1034 4673 1149 4728 eduxisti
1156 4690 1165 4737 ;
1184 4689 1260 4742 quent
1275 4673 1360 4728 lucide
1370 4685 1393 4728 et
1406 4673 1510 4731 dextere
1524 4677 1686 4744 explicuisti,
1702 4681 1828 4751 cujusque
1847 4687 1912 4738 turi.

265 4796 343 4842 tatem
357 4779 471 4836 lristorint
483 4772 667 4844 comprobasti.
682 4769 738 4824 Nec
752 4769 859 4823 minoris
875 4766 996 4822 utilitatis
1009 4766 1147 4838 quisqumn
1163 4776 1235 4837 pntet
1250 4784 1306 4821 esse
1322 4778 1419 4824 sancto
1434 4769 1570 4825 recitatione
1587 4768 1712 4826 Ecclesia
1724 4814 1731 4840 ,
1743 4778 1911 4846 antiquorum

262 4886 387 4938 innotare
400 4881 509 4950 scripta,
522 4885 545 4929 el
558 4890 697 4937 enorrrore,
714 4887 793 4941 qnam
807 4886 886 4923 erosos
900 4868 976 4922 cdere
986 4868 1086 4934 tibrns,·
1100 4883 1161 4920 nom
1176 4867 1198 4920 si
1212 4881 1300 4921 rernm
1312 4884 1451 4935 natamus,
1470 4869 1576 4939 rnnjoris
1590 4867 1640 4923 ltoc
1655 4871 1776 4928 utilitatis
1792 4885 1837 4930 cst.
1858 4878 1910 4933 γε.

264 4988 330 5031 teres
345 4975 413 5029 enim
426 4977 549 5042 prostant
559 4964 724 5025 arrctorirote,
739 4958 919 5027 excelluntque
929 4956 983 5026 lide
995 4955 1173 5012 Recentiares.
1189 4955 1284 5012 ll'escio
1295 4959 1363 5013 enim
1377 4957 1440 5028 quid
1457 4961 1620 5014 nactoritatis
1633 4961 1682 5016 sibi
1696 4965 1809 5019 uindicat
1822 4980 1910 5024 sarreia

264 5078 387 5122 uetustns.
410 5064 467 5129 Quo
483 5061 530 5130 pt,
544 5070 571 5111 ut
585 5056 629 5124 qui
644 5052 793 5110 Citristinno
807 5049 906 5103 nomini
924 5049 1095 5103 aduersantur
1108 5048 1243 5118 infideles,
1258 5051 1339 5120 etqui
1351 5058 1447 5105 sanctu
1465 5049 1591 5107 Ecclesia
1605 5055 1663 5123 plus
1677 5069 1769 5111 nocent
1785 5061 1910 5130 lneretici,

270 5161 344 5218 nullo
354 5158 407 5212 alio
421 5164 573 5226 nrqumento
587 5149 671 5221 ntaqis
684 5145 866 5201 conrincantsrr
877 5159 955 5213 qnam
968 5144 1133 5211 antiquorum
1146 5144 1303 5215 scriptorum
1319 5143 1474 5197 auctoritate
1489 5155 1513 5198 et
1531 5146 1660 5202 doctrino.
1681 5147 1756 5205 [inde
1770 5154 1814 5221 qm·
1828 5171 1869 5208 ρο,
1884 5157 1911 5210 sn

263 5258 348 5309 lucem
364 5248 518 5318 producunt,
531 5239 652 5305 veredici
666 5244 770 5310 possent
786 5234 935 5303 potentiora
949 5230 1079 5287 Ecclesia
1090 5245 1186 5288 snrtctoe
1200 5248 1291 5297 armo,
1306 5231 1373 5285 uelut
1388 5232 1493 5303 clypeos
1507 5237 1534 5289 in
1549 5235 1674 5294 Doridica
1692 5251 1762 5298 turre
1772 5248 1910 5315 parisienses

262 5349 291 5402 in
306 5345 419 5401 nserlinm
430 5343 556 5411 proferre.
576 5332 610 5386 lit
622 5331 728 5402 quidem
743 5328 770 5381 in
782 5327 830 5380 lrac
845 5322 937 5379 Dextri
952 5323 1063 5379 bistoria
1074 5326 1156 5381 elucet
1167 5325 1278 5378 maxime
1292 5324 1402 5393 firmitas
1416 5324 1478 5394 fidei
1490 5330 1517 5380 in
1531 5329 1707 5400 strartpribus,
1728 5334 1762 5388 ad
1778 5340 1909 5406 confusio.

265 5456 323 5496 nem
338 5435 518 5492 tererlcororn
528 5425 670 5482 dicentium
680 5435 754 5496 posse
767 5435 933 5492 quemqnam,
945 5427 973 5471 ut
985 5419 1044 5472 rita
1054 5418 1198 5489 pericnlum
1209 5416 1311 5482 mador,
1328 5417 1407 5486 fidem
1417 5434 1493 5486 qnam
1506 5421 1654 5490 profitetur.
1667 5424 1910 5501 obrrepore,ll1,19ep

264 5539 413 5589 sanctorum
424 5523 571 5578 antistitum
586 5518 740 5579 auctoritas,
751 5523 775 5568 et
788 5513 815 5566 in
830 5510 1001 5582 quiernaudo
1014 5509 1133 5564 Ecclesia
1145 5508 1268 5574 solertia,
1281 5526 1333 5574 qrra
1348 5511 1544 5579 caalundontur
1557 5515 1597 5567 illi
1608 5556 1616 5583 ,
1629 5518 1673 5586 qui
1687 5521 1856 5592 episcopalem
1866 5527 1908 5580 di-

263 5628 388 5701 qnilotem
402 5629 508 5689 nrqant,
524 5624 549 5669 et
564 5628 656 5667 rtoourrr
668 5611 800 5663 inuentum
816 5607 1017 5659 tenreredicunt.
1033 5604 1183 5679 Lrpnnmr,
1198 5621 1227 5659 eo
1238 5609 1297 5676 jam
1310 5617 1424 5676 ternpore
1438 5607 1568 5662 admissus
1583 5613 1818 5680 pereqrirrationnrn
1835 5634 1851 5669 u
1866 5636 1907 5688 us,

263 5718 422 5790 tentplorurit
433 5707 590 5779 edificatio,
602 5702 761 5759 sacrosancti
774 5697 897 5769 sacrificii
913 5699 1002 5752 Missae
1015 5697 1166 5760 cebbratr'o,
1183 5708 1207 5751 ct
1221 5699 1373 5752 exercitium
1388 5699 1500 5752 ornniunr
1515 5713 1750 5768 sacramentorum,
1767 5715 1907 5765 sennensi„

260 5809 417 5886 impiorum,
427 5801 501 5860 soria
512 5794 654 5862 mircrcnlo,
672 5791 802 5848 oenerntio
817 5801 915 5854 sancta
930 5787 1056 5844 Romanae
1069 5789 1146 5853 seclis,
1164 5798 1188 5844 et
1199 5790 1222 5847 si
1234 5799 1363 5860 quaesunt
1373 5788 1439 5856 alia,
1453 5805 1511 5861 quot
1525 5801 1658 5850 notatores
1674 5808 1767 5872 neqnnt
1778 5842 1785 5866 ,
1797 5819 1853 5873 pnae
1867 5814 1906 5859 ra.
