4192 6434
439 347 551 407 705

1511 349 1997 445 'tttst'otttttttutt
2039 299 2248 414 mutin·
2279 355 2322 414 Ι.
2361 356 2517 415 CAP.
2561 356 2679 416 Vll.

3636 365 3743 427 ‘too

439 482 542 526 nos
583 467 824 540 judicem
869 466 1202 526 steculorum
1244 467 1586 525 ostendimus
1609 511 1626 537 ,
1673 480 1938 541 quantum
1986 470 2038 525 in
2068 472 2118 532 Α
2146 470 2450 530 Gothorum
2474 488 2662 541 enses,
2694 474 2736 507 ¹¹
2763 472 2809 531 si
2834 473 3173 533 concedatur
3195 476 3459 534 Romanis
3488 490 3742 551 spectare

438 563 572 635 ipsis
592 570 699 633 est,
724 569 883 634 sputa
906 561 1227 632 conjiciunt,
1251 561 1397 617 inter
1417 560 1715 618 Sodomam
1740 573 1794 617 et
1816 563 2040 619 Romam

437 655 756 713 discernam
786 670 1020 725 causas,
1062 663 1119 713 et
1142 655 1427 712 conterant
1459 671 1652 727 poenas
1696 674 1710 712 ε
1745 673 1865 728 quoe
1896 674 1926 714 a
1957 675 2043 714 me

438 750 528 807 vol
554 748 788 805 maxime
814 748 885 805 ob
913 747 1019 805 hoe
1042 749 1408 805 retractandae
1437 765 1543 804 nou
1573 760 1736 817 sunt,
1769 749 1893 822 quia
1923 766 2042 807 em-

439 841 604 900 nibus
635 849 780 897 notae
802 850 951 897 sunt.
982 842 1051 897 Et
1075 848 1258 898 tamen
1291 856 1454 913 quam
1481 841 1717 899 libenter
1741 849 2043 902 sententias

436 950 628 991 eorum
657 934 963 1005 acciperem
991 975 1006 1002 ,
1046 933 1091 989 si
1119 933 1198 990 illi
1231 933 1468 991 fideliter
1498 936 1572 992 ita
1599 946 1657 992 ut
1682 937 1925 993 sentiunt
1963 940 2041 994 la·

437 1035 731 1084 terentur:
772 1027 788 1058 ⁸
834 1040 1161 1099 quamquam
1199 1025 1346 1098 quod
1385 1024 1456 1082 de
1500 1029 1841 1099 temporibus
1881 1029 2037 1085 Chri·

437 1118 639 1175 stianis
670 1120 692 1150 ³
722 1117 834 1173 rari
855 1160 870 1183 ,
914 1127 970 1173 et
998 1117 1099 1173 hoc
1131 1119 1183 1173 in
1214 1118 1430 1190 angulis
1456 1118 1478 1151 ⁸
1505 1130 1881 1189 murmurent,
1928 1137 2036 1179 non

437 1226 612 1284 usque
637 1210 777 1268 adeo
800 1212 1032 1267 moleste
1052 1211 1434 1283 accipiendum
1457 1211 1480 1244 ⁸
1498 1222 1705 1284 putem,
1724 1228 1847 1271 cum
1873 1216 2040 1272 totius

375 1376 379 1379 ἡ
437 1303 623 1377 populi
647 1303 881 1359 Romani
911 1319 1152 1360 consona
1174 1320 1329 1375 voce,
1362 1306 1591 1376 parique
1610 1305 1817 1378 judicio
1841 1323 2038 1365 sensus

434 1410 503 1454 ae
529 1412 710 1454 sermo
733 1398 754 1429 ⁸
774 1398 845 1452 sit
874 1398 1145 1467 cognitus.
1180 1397 1336 1455 Adeo
1360 1407 1542 1454 autem
1567 1399 1590 1431 ⁸
1611 1414 1781 1470 parvo
1801 1401 2038 1471 quodam

441 1500 498 1550 et
517 1490 624 1548 levi
654 1502 802 1547 motu
829 1492 1112 1548 ltoesitasse
1138 1506 1268 1563 erga
1299 1506 1359 1548 se
1379 1492 1400 1523 '
1426 1506 1719 1563 parumper
1745 1504 2042 1550 consuetu·

435 1586 619 1643 dinem
648 1585 990 1652 voluptatum
1020 1584 1042 1617 ⁸
1072 1581 1535 1639 indubitatissime
1561 1580 1674 1655 44
1698 1593 2041 1640 contestatus

433 1690 549 1750 est,
577 1684 598 1715 ⁸
631 1690 686 1736 ut
716 1679 887 1736 libere
915 1679 1290 1734 conclamaret
1313 1722 1328 1746 ‚
1379 1676 1442 1732 Si
1468 1677 1719 1750 reciperet
1746 1674 1956 1732 Circum
2000 1677 2045 1711 ¹⁰

434 1774 568 1830 nihil
592 1790 704 1828 esse
733 1771 831 1828 silvi
859 1773 1056 1841 [actum
1087 1787 1108 1827 .·
1148 1770 1255 1827 hoc
1281 1779 1367 1827 est
1389 1808 1405 1838 ,
1452 1769 1589 1826 nihil
1629 1769 1808 1843 egisse
1849 1770 2040 1827 Romae

2146 563 2457 621 Circenses.
2481 566 2523 597 ¹⁵
2547 564 2660 621 Nisi
2684 565 2825 622 lorte
2847 565 2918 638 (¹¹
2939 575 2995 622 ut
3016 583 3077 624 se
3100 566 3269 625 babet
3288 569 3431 639 apud
3455 570 3745 644 plerosque

2149 656 2254 714 hoc
2281 659 2556 729 proecipue
2588 659 2860 733 tempore)
2889 660 2981 731 qui
3007 677 3076 717 cx
3111 662 3269 733 longa
3297 666 3486 735 requie
3514 665 3597 722 vel
3628 682 3745 736 par-

2152 764 2275 806 vam
2320 750 2362 781 ¹⁸
2407 749 2661 806 obortam
2708 750 3136 809 sollicitudiuem
3160 795 3176 821 ,
3221 754 3627 813 intolerabilem
3660 758 3742 813 la-

2149 842 2337 899 borem
2369 851 2581 913 putant,
2616 842 2660 875 ⁸⁸
2693 842 2790 900 has
2818 844 3276 923 clementissimas
3300 847 3702 907 admonitiones
3729 870 3743 903 τ

2147 937 2344 1007 quibus
2369 952 2559 993 omnes
2588 936 2883 1010 aliquando
2912 937 2956 970 ¹⁸
2977 939 3421 1013 perstringimur,
3450 942 3491 975 ¹⁷
3514 942 3743 1000 aliorum

2148 1028 2523 1100 punitionibus
2534 1028 2735 1085 auditis
2753 1028 3016 1103 lectisque
3033 1040 3382 1103 praeponunt:
3396 1047 3534 1105 quos
3548 1034 3743 1092 saltem

2150 1122 2195 1156 ¹⁸
2217 1121 2287 1178 de
2313 1122 2415 1178 hoc
2442 1122 2562 1193 ipso
2592 1122 2740 1177 exitu
2779 1122 3147 1179 Sodomorum
3174 1131 3231 1180 et
3258 1122 3742 1183 Gomorrhaeorum

2147 1229 2367 1279 moneo,
2383 1225 2441 1269 ιιι
2464 1216 2505 1248 ¹⁹
2523 1214 2734 1271 discere
2756 1224 2921 1283 atque
2942 1215 3252 1288 intelligere
3268 1226 3494 1289 queant,
3514 1220 3746 1291 qualiter

2147 1306 2291 1363 Deus
2315 1315 2637 1378 peccatores
2661 1307 2926 1377 punierit,
2951 1308 3189 1380 qualiter
3211 1310 3404 1381 punire
3424 1310 3596 1383 possit
3618 1328 3751 1385 qua·

2143 1400 2271 1456 liter
2299 1400 2590 1471 puniturus
2620 1399 2713 1457 sit.

2666 1490 2777 1566 45
2812 1491 3045 1550 sapor
3090 1493 3201 1551 vu.

2146 1581 2227 1641 De
2249 1581 2432 1656 proelio
2458 1583 2591 1638 inter
2617 1580 2889 1638 Telchines
2916 1592 2963 1638 ct
2997 1584 3308 1655 Carpathios
3333 1597 3381 1643 ct
3408 1584 3746 1648 Phoroneum

2463 1670 2658 1725 reqcm.
2693 1652 2825 1709 Item
2862 1656 2926 1710 de
2965 1655 3163 1712 diluvio
3191 1656 3424 1715 Achaim.

2214 1766 2357 1824 Ante
2427 1782 2602 1824 annos
2648 1768 2884 1824 conditae
2910 1767 3078 1826 Urbis
3134 1787 3282 1827 nux
3315 1773 3328 1803 ¹
3360 1760 3651 1834 Telchines
3692 1786 3750 1834 et

1741 1903 2194 1962 ttavtsttcAttPt
2230 1901 2462 1960 NOTAE.

508 2007 638 2064 Clu».
674 2005 763 2061 vt.
786 2035 860 2048 —
890 2006 939 2061 1.
987 2002 1312 2073 Quamquam
1337 1999 1493 2071 quod.
1520 1999 1610 2057 Sic
1632 2008 1812 2054 exstat
1836 1998 1887 2051 in
1913 1998 2030 2054 edi·
2066 2004 2111 2062 Β
2141 2004 2278 2068 Aug.
2318 1996 2526 2052 ironice
2558 1996 2630 2052 ita
2658 1994 2918 2063 exhibet,
2949 1995 3046 2052 sed
3073 1998 3214 2061 sola,
3242 2009 3298 2054 ιιι
3324 2016 3380 2055 se
3406 2001 3563 2058 'tabet
3588 2007 3746 2076 [orti-

432 2081 584 2134 tionc
609 2079 851 2133 omniunt
876 2076 1069 2147 prima,
1089 2090 1263 2144 neque
1285 2070 1610 2142 dubitoqniu
1636 2069 1830 2124 melius
1849 2072 2024 2125 locum

429 2166 592 2205 suunt
618 2150 754 2204 tueri
781 2150 968 2218 possit.
999 2161 1160 2216 quant
1184 2144 1344 2214 quid:
1374 2146 1518 2213 quod
1542 2140 1745 2212 passim
1770 2156 1871 2208 pro
1890 2141 2030 2212 quod

432 2221 773 2276 substituunt
800 2219 1024 2287 reliqua:
1047 2230 1260 2277 omnes,
1288 2221 1514 2282 excepta
1537 2218 1874 2283 Augustam,
1911 2229 2033 2276 qum

434 2292 599 2347 hahet
624 2290 898 2363 quidquid,
931 2303 1092 2344 sensu
1119 2302 1227 2340 nou
1256 2283 1624 2340 incommodo.
1654 2281 1840 2338 Codex
1879 2285 2031 2340 Meus

472 2365 664 2423 uidem,
681 2372 738 2417 ut
759 2373 814 2416 et
837 2358 1081 2414 Flora-m.
1108 2365 1239 2411 tert.
1263 2356 1323 2411 lu
1347 2356 1481 2426 Lug.
1508 2355 1648 2412 Batt.
1672 2370 1756 2425 pr.
1772 2365 1828 2412 et
1849 2363 2030 2426 quart.

432 2380 508 2489 zlt
535 2449 843 2503 quavuquam
868 2429 997 2500 quid
1017 2428 1080 2481 de
1099 2426 1434 2497 temporibus,
1466 2436 1576 2482 etc.

506 2504 565 2560 2.
606 2504 734 2559 Rari
757 2517 778 2558 .·
803 2512 851 2556 ee
879 2500 996 2557 hoc.
1032 2499 1182 2555 Flor.
1219 2506 1375 2567 tert.,
1407 2514 1532 2553 raro
1562 2506 1617 2553 ut
1644 2498 1762 2553 hoc.

509 2577 565 2633 5.
609 2575 957 2630 Hurmurcut.
986 2571 1161 2635 Lngd.
1192 2569 1313 2625 Bat.
1340 2585 1451 2640 pr„
1485 2581 1830 2627 uturuturaut.

509 2647 564 2703 4.
611 2645 818 2701 Putem.
851 2643 1026 2714 Lugd.
1055 2642 1174 2697 Bat.
1205 2648 1355 2706 tert.,
1391 2648 1650 2714 putemus.

512 2718 570 2774 5.
613 2716 695 2773 Sit
718 2716 977 2789 cognitus.
1007 2712 1209 2781 Periz.‚
1239 2720 1316 2767 est
1348 2711 1608 2783 coquilus.

511 2788 568 2845 6.
612 2787 786 2843 Parvo
811 2784 1035 2857 quodam
1062 2792 1110 2838 et
1137 2782 1236 2838 levi
1267 2793 1427 2839 motu.
1458 2782 1606 2838 Edit.
1635 2798 1718 2854 pr.
1753 2791 1808 2839 et
1838 2781 2036 2850 Paris..

441 2860 588 2916 Adeo
608 2859 836 2929 quodam
862 2867 1037 2912 autem
1060 2870 1220 2923 porro
1239 2865 1287 2909 et
1310 2853 1411 2909 levi
1430 2862 1594 2909 motu.
1627 2854 1766 2910 Edd.
1792 2853 2037 2923 Venetae,

439 2942 500 2990 et
519 2930 758 3001 flittorp.
783 2975 798 2999 ‚
835 2929 1008 2984 Parvo
1034 2925 1259 2997 quodam
1289 2935 1338 2979 et
1367 2925 1470 2980 leni
1497 2924 1672 2981 modo.

513 3004 569 3059 7.
610 3000 901 3075 Parumper
930 2997 1381 3055 cousuetudinem.
1423 2996 1757 3054 membranae
1786 3003 1994 3054 nostrae
2017 3035 2035 3066 ,

443 3090 568 3200 με.
586 3079 1082 3198 εἳῖιιῗιῖιῗὶιιὲιέιεῖιιιιε.
1127 3137 1304 3222 13ugd.
1337 3138 1478 3221 Batt.
1511 3152 1616 3221 pru,
1649 3146 1799 3207 tert.,
1827 3147 2039 3211 quart„

439 3225 500 3274 et
526 3216 615 3273 cd.
655 3215 793 3285 Aug.
827 3215 914 3269 ltic
944 3222 997 3267 et
1029 3225 1227 3281 passtut
1254 3208 1746 3265 ntdubttanttssime.

513 3286 568 3343 9.
617 3285 683 3342 111
713 3285 873 3341 libere
906 3283 1272 3338 conclamaret.
1328 3277 1478 3335 Flor.
1527 3288 1654 3336 tert.
1682 3321 1696 3346 ‚
1751 3279 1836 3334 ubi
1885 3277 2042 3334 libere

441 3357 824 3414 conclamaret:
847 3354 1015 3425 Lugd.
1045 3355 1161 3407 liat.
1186 3360 1392 3421 quart..
1425 3360 1479 3405 nl
1510 3350 1671 3406 llberc
1695 3350 1966 3405 clamaret.

518 3428 607 3484 10.
651 3426 802 3483 Nihil
829 3444 939 3482 esse
964 3426 1061 3480 sibi
1093 3424 1312 3491 [actum.
1360 3421 1749 3493 ‘l‘ranspouunt
1778 3424 1867 3477 cd.
1896 3420 2036 3492 Aug.

439 3510 501 3558 et
531 3516 636 3557 ms,
661 3498 824 3563 ultr..
854 3496 987 3552 nihil
1013 3494 1109 3551 sibi
1136 3510 1244 3547 esse
1269 3492 1486 3562 sacuam.

516 3571 611 3628 ss.
650 3569 713 3627 sa·
738 3570 1071 3631 coucedatur,
1105 3563 1203 3619 tid.
1231 3580 1340 3633 pr..
1373 3564 1418 3620 zi
1448 3565 1835 3620 concederetur.

518 3641 607 3698 ¹2.
651 3640 772 3696 Nisi
798 3642 955 3713 sorte.
993 3638 1213 3693 Veneta:
1248 3645 1304 3689 et
1331 3634 1596 3705 Ηίῑιοηι..
1632 3633 1787 3689 Nihil
1814 3636 1967 3701 [orte.

517 3713 606 3772 15.
653 3711 722 3770 Ut
757 3730 812 3769 se
854 3710 1005 3767 habet
1048 3708 1189 3780 apud
1236 3703 1509 3779 plerosque
1544 3707 1884 3763 cousuetudo.
1937 3704 2042 3762 Ed.

2140 2071 2264 2123 tudo
2286 2068 2428 2137 apud
2451 2067 2721 2135 pterosque
2750 2084 2768 2121 .·
2798 2070 2943 2136 quod
2982 2072 3351 2135 spernendum
3376 2087 3484 2127 non
3509 2075 3742 2146 videtur,

2139 2148 2362 2210 propter
2388 2139 2477 2193 illa
2503 2154 2624 2207 qum
2648 2151 2968 2209 sequuntur.
2991 2138 3054 2195 lu
3079 2158 3180 2198 uts.
3205 2140 3355 2197 Flor.
3380 2160 3489 2199 sec.
3517 2156 3570 2202 et
3594 2157 3744 2217 tert.,

2137 2221 2194 2265 ιιι
2221 2228 2276 2266 se
2304 2209 2455 2263 habet
2483 2210 2623 2282 apud
2647 2208 2938 2280 plerosque.

2209 2283 2297 2338 14.
2332 2281 2602 2335 obortum.
2630 2280 2731 2335 Με.
2752 2279 2917 2345 Uitr..
2944 2281 3317 2354 obtutumque:
3340 2300 3478 2341 mss.
3499 2284 3746 2345 Floreat.

2139 2367 2252 2409 sec.
2286 2363 2341 2407 et
2373 2362 2527 2414 tert.,
2560 2367 2743 2419 parum
2773 2351 3031 2406 obortam.

2213 2424 2302 2479 15.
2346 2421 2483 2477 Hae.
2512 2420 2670 2478 Unus
2695 2436 2758 2476 ex
2784 2421 2955 2490 Lugd.
2984 2424 3156 2489 Bait„
3180 2433 3375 2480 tantas.
3402 2424 3557 2484 Flor.
3582 2437 3737 2501 tert.,

2140 2505 2313 2550 lautas
2337 2492 2495 2547 hasce
2521 2491 2969 2548 clementissimas.

2216 2565 2303 2621 16.
2343 2563 2775 2647 Perstrinqimur.
2811 2562 2916 2618 Ed.
2939 2580 3023 2638 pr.
3051 2576 3102 2620 et
3128 2565 3333 2633 Paris„
3358 2564 3744 2641 restriuqimur,

2140 2639 2308 2708 Aug..
2342 2634 2743 2704 adstrinqimur.
2776 2634 2876 2690 us.
2905 2635 3080 2708 Lugd.
3113 2637 3237 2695 nat.
3268 2653 3352 2709 pr.
3372 2679 3389 2707 ,
3435 2644 3747 2716 constriuqi·

2140 2725 2278 2771 πων.
2312 2714 2468 2771 tert.,
2492 2706 2951 2779 constristantur.

2213 2780 2304 2858 17.
2345 2776 2605 2833 Aliorum.
2639 2776 2738 2832 Ed.
2768 2793 2886 2849 pr„
2934 2780 3120 2838 alienis
3143 2821 3160 2849 ,
3203 2787 3260 2837 et
3287 2794 3413 2837 mox
3438 2781 3529 2838 ed.
3564 2785 3700 2859 Aug.
3731 2835 3747 2861 ‚

2144 2859 2476 2924 praeponant.

2215 2922 2303 2978 18.
2348 2918 2424 2976 De
2451 2918 2551 2975 hoc
2580 2919 2715 2993 ipro.
2768 2920 2870 2977 bls.
2908 2920 3087 2994 Lugd.
3116 2921 3232 2977 Bat.
3282 2933 3465 2996 quart.
3494 2966 3512 2994 ,
3553 2943 3619 2983 ex
3650 2934 3748 2987 hoc

2142 2995 2276 3068 ipso.
2308 2990 2471 3054 Uitr..
2500 2989 2579 3046 vet
2609 2993 2673 3046 de
2702 2993 2799 3047 hoc
2823 2994 2960 3060 ipso.

2219 3064 2308 3120 19.
2354 3062 2582 3117 Discere.
2616 3063 2787 3135 Lugd.
2827 3063 2946 3118 Bat.
2980 3078 3091 3134 pr.,
3124 3073 3281 3132 tert.,
3309 3076 3515 3137 quart..
3542 3070 3745 3126 discer-

2143 3152 2287 3192 nere.
2316 3134 2450 3203 Quzc
2484 3147 2613 3188 vero
2642 3134 2696 3189 in
2739 3134 2842 3189 hoc
2875 3136 3056 3205 capite
3088 3136 3391 3205 disputavit
3416 3136 3640 3194 Orosius
3680 3146 3749 3198 de

2145 3206 2408 3275 temporis
2438 3204 2519 3257 sui
2551 3208 2911 3272 perversitate
2935 3244 2951 3267 ,
2993 3220 3102 3276 qua
3144 3206 3303 3261 ludos
3330 3209 3602 3264 circenses
3631 3255 3645 3276 ‚
3692 3230 3746 3269 ιιι

2147 3276 2348 3347 quibus
2375 3274 2746 3343 aurigationes
2771 3314 2786 3338 ,
2828 3278 3258 3345 venationesque
3286 3292 3477 3346 magua
3507 3295 3629 3335 cum
3665 3284 3749 3337 iu-

2149 3348 2303 3403 sania
2336 3348 2749 3414 spectabantur,
2778 3345 2916 3399 adeo
2947 3361 3072 3400 vera
3096 3357 3245 3411 suut,
3273 3356 3379 3403 uta
3400 3346 3744 3409 Constantini

2067 3388 2115 3451 C
2147 3419 2321 3486 Magni
2353 3415 2714 3486 temporibus,
2747 3427 2802 3471 ct
2841 3415 3067 3472 lionorii
3111 3416 3384 3489 praecipue
3412 3429 3595 3483 aetate.
3630 3423 3703 3478 im
3724 3457 3738 3466 ·

2149 3503 2337 3546 mensa
2370 3490 2454 3542 vis
2484 3502 2831 3542 nummorum
2860 3491 3335 3544 contoruiatorum
3363 3503 3517 3559 cusa,
3553 3493 3624 3548 ha
3647 3498 3743 3551 tic-

2148 3576 2254 3632 que
2277 3560 2523 3626 stultitiae
2546 3560 2666 3626 ejus
2688 3559 2841 3615 testis
2862 3559 3083 3624 existat,
3112 3559 3258 3630 quod
3283 3561 3368 3615 vel
3392 3578 3533 3617 unus
3553 3577 3751 3635 arguat

2150 3634 2238 3689 hic
2259 3647 2323 3687 cx
2348 3631 2631 3687 Thesauro
2656 3631 2845 3701 Regio,
2881 3630 2934 3684 in
2956 3646 3063 3701 quo
3091 3639 3315 3702 propter
3340 3636 3746 3700 reparationem

2152 3703 2398 3761 muneris
2428 3702 2628 3759 invicta
2657 3700 2832 3758 Roma
2862 3709 2919 3759 et
2944 3701 3077 3758 felix
3099 3702 3373 3773 judicatur
3400 3705 3651 3763 Senatus.

515 5169 654 5227 cnr.
707 5165 984 5224 vlt-1.
1027 5164 1297 5221 Telchines
1323 5158 1691 5233 etcorpathii.
1738 5157 2043 5230 Telchines,
2071 5162 2119 5225 C
2154 5161 2393 5218 Vetustae
2430 5151 2703 5217 editione's
2742 5159 2968 5215 nomina
3009 5159 3129 5216 haec
3159 5161 3239 5219 sie
3280 5161 3537 5219 efferunt.
3579 5160 3758 5218 Prima

445 5256 560 5299 non
592 5238 876 5302 Telchises,
906 5237 1029 5293 ideo
1048 5236 1390 5303 scripsimus,
1417 5232 1566 5305 quad
1587 5230 1658 5286 ab
1677 5229 1764 5287 his
1789 5229 2043 5287 Rhodum

446 5321 772 5381 occupatam
797 5308 1028 5364 Orosius
1061 5306 1246 5363 statim
1287 5305 1528 5360 scribat:
1554 5302 1650 5372 qui
1681 5312 1864 5357 autem
1901 5301 2051 5358 liho-

2154 5243 2212 5289 et
2239 5232 2468 5300 August.
2496 5240 2552 5286 et
2573 5230 2751 5287 Paris.
2786 5228 3047 5286 Thelcises
3085 5240 3134 5288 ct
3158 5231 3442 5289 Carsaehii.
3476 5233 3607 5290 ltin.
3637 5251 3760 5288 cunt

2155 5303 2408 5367 Venetis,
2436 5301 2703 5358 Telchises
2730 5310 2779 5356 et
2808 5299 3104 5372 Carpathii,
3139 5314 3194 5358 et
3233 5307 3319 5360 sic
3344 5320 3564 5376 quoque
3597 5305 3760 5358 halmt

449 5385 583 5441 dum
608 5388 968 5449 occuparunt,
996 5380 1033 5434 ii
1060 5394 1090 5432 a
1120 5377 1328 5434 Graecis
1359 5372 1632 5430 Telchines
1669 5371 1950 5441 dicuntur,
1981 5374 2057 5430 de
2160 5373 2440 5441 Bolsuing.
2473 5372 2620 5427 luter
2644 5386 2777 5427 mss.
2808 5368 2963 5427 Flor.
2992 5388 3131 5438 sec..
3164 5373 3423 5431 Thelcises
3450 5385 3497 5431 et
3520 5374 3760 5437 Gariani,

447 5455 651 5526 quihus
697 5460 896 5518 praeter
933 5448 1260 5505 Strabonem
1317 5445 1585 5501 Diodorus
1628 5442 1775 5499 libro
1829 5447 2020 5511 quinto
2037 5483 2056 5510 ,

448 5524 616 5588 τὴνδᾶ
641 5530 798 5582 νῆσον
826 5527 917 5582 τήν
941 5521 1311 5593 ὀνομαζομένην
1331 5516 1497 5573 Ῥόδον
1508 5516 1874 5588 κατῴκησανοῖ
1892 5537 2063 5591 προσ·

2162 5452 2319 5514 tert.,
2353 5442 2616 5497 Thelcises
2640 5451 2690 5497 ει
2721 5441 2997 5499 Chariatii.
3035 5442 3208 5514 Uitr„
3246 5445 3419 5514 Lugd.
3462 5448 3601 5500 llatt.
3637 5461 3756 5512 pr..

2170 5523 2329 5580 tert.,
2370 5520 2577 5582 quart.,
2607 5513 2759 5576 Meus
2789 5519 2845 5568 et
2877 5511 3052 5570 Periz.
3093 5530 3309 5579 omncs,
3338 5514 3620 5577 Telchises,
3664 5514 3759 5566 sud

452 5596 824 5674 αγοριυόμενοι
851 5594 1121 5664 τιλγῑνις,
1149 5592 1199 5646 'td
1234 5597 1342 5651 est,
1380 5587 1623 5643 Rhodam·
1658 5584 1883 5640 insulam
1907 5587 2060 5655 primi
2168 5586 2225 5642 in
2254 5587 2322 5642 iis
2366 5598 2464 5653 pro
2492 5582 2787 5655 Carpathii,
2820 5599 2905 5653 pr.
2936 5595 2992 5639 et
3038 5594 3193 5656 tert.,
3241 5585 3506 5649 Carthasi,
3547 5598 3659 5637 sec.
3705 5590 3762 5637 ct

449 5675 732 5725 macrum
758 5665 847 5734 qni
882 5653 1149 5718 Telchines
1174 5660 1526 5733 appellantur.
1554 5655 1612 5711 ln
1635 5654 1860 5712 Eusebii
1884 5657 2057 5712 Clu-o-

448 5740 579 5796 nien
608 5740 725 5791 hane
746 5752 834 5788 res
866 5735 939 5788 ita
969 5734 1240 5800 descripta
1275 5732 1475 5794 legitur
1506 5745 1521 5782 ε
1552 5724 1824 5808 Teltaphis
1848 5736 1896 5780 ct
1926 5727 2057 5783 Gar-

448 5809 583 5866 atis
603 5811 852 5863 adt-ersus
884 5804 1214 5861 Phoroneum
1239 5812 1288 5856 et
1311 5799 1629 5856 Parrhasios
1649 5808 1926 5853 mentuunt
1945 5799 2056 5853 loel-

2165 5656 2327 5721 Ultr.,
2362 5654 2643 5719 Gareathii,
2673 5663 2877 5726 quart..
2916 5653 3265 5713 Cartharassi.
3293 5657 3465 5719 MeuS,
3489 5652 3755 5719 Charini-i,

2160 5728 2361 5795 Periz.,
2390 5726 2716 5782 Charrathii.
2751 5724 2920 5782 Recte
2952 5736 3132 5784 tameu
3166 5727 3316 5795 prius
3338 5739 3538 5780 nomeu
3570 5724 3700 5778 vah·
3717 5724 3760 5780 i·
3856 5746 3862 5751 ·

2156 5801 2274 5854 cius
2320 5797 2552 5855 mutavit
2595 5797 2650 5854 in
2707 5794 3008 5862 Telchines,
3064 5797 3208 5868 quud
3259 5794 3498 5851 servavit
3543 5808 3761 5866 qunque

449 5882 585 5944 lum.
615 5876 673 5936 lu
703 5891 812 5935 uuo
840 5875 1234 5949 manuscripto,
1271 5870 1495 5933 Carsatii
1539 5866 1760 5944 tegitur.
1793 5867 1958 5928 Fann.
1983 5899 2052 5911 —
2158 5870 2269 5947 Lug
2290 5870 2326 5925 l.
2360 5871 2475 5928 But.
2510 5883 2622 5927 sec.
2648 5878 2704 5928 ct
2734 5867 2789 5926 lu
2824 5866 2999 5941 primo
3031 5882 3253 5943 supet-sc
3267 5868 3465 5942 riptuut
3493 5869 3609 5927 voci
3634 5863 3761 5925 Tel·
