<?xml version="1.0" encoding="UTF-8"?>
<!DOCTYPE html PUBLIC "-//W3C//DTD XHTML 1.0 Transitional//EN"
    "http://www.w3.org/TR/xhtml1/DTD/xhtml1-transitional.dtd">
<html xmlns="http://www.w3.org/1999/xhtml" xml:lang="en" lang="en">
 <head>
  <title>
</title>
<meta http-equiv="Content-Type" content="text/html;charset=utf-8" />
  <meta name='ocr-system' content='tesseract 3.04.00' />
  <meta name='ocr-capabilities' content='ocr_page ocr_carea ocr_par ocr_line ocrx_word'/>
</head>
<body>
  <div class='ocr_page' id='page_1' title='image "./patrologiaecurs83unkngoog_0026.png"; bbox 0 0 4192 6434; ppageno 0'>
   <div class='ocr_carea' id='block_1_1' title="bbox 198 388 1852 484">
    <p class='ocr_par' dir='ltr' id='par_1_1' title="bbox 198 388 1852 484">
     <span class='ocr_line' id='line_1_1' title="bbox 198 388 1852 484; baseline -0.002 -11"><span class='ocrx_word' id='word_1_1' title='bbox 198 407 241 479; x_wconf 79' lang='lat' dir='ltr'><strong>rs</strong></span> <span class='ocrx_word' id='word_1_2' title='bbox 449 388 457 400; x_wconf 85' lang='lat'><strong><em>‘</em></strong></span> <span class='ocrx_word' id='word_1_3' title='bbox 762 406 921 484; x_wconf 84' lang='lat' dir='ltr'><strong>conentur</strong></span> <span class='ocrx_word' id='word_1_4' title='bbox 942 407 1074 479; x_wconf 79' lang='lat' dir='ltr'><strong>betrui</strong></span> <span class='ocrx_word' id='word_1_5' title='bbox 1094 411 1278 471; x_wconf 81' lang='lat' dir='ltr'><strong>troierit.</strong></span> <span class='ocrx_word' id='word_1_6' title='bbox 1816 412 1852 481; x_wconf 89' lang='lat' dir='ltr'><strong>te</strong></span> 
     </span>
    </p>
   </div>
   <div class='ocr_carea' id='block_1_2' title="bbox 199 527 1854 2184">
    <p class='ocr_par' dir='ltr' id='par_1_2' title="bbox 199 527 1854 1443">
     <span class='ocr_line' id='line_1_2' title="bbox 199 527 1850 618; baseline 0.004 -35"><span class='ocrx_word' id='word_1_7' title='bbox 199 530 244 597; x_wconf 88' lang='lat' dir='ltr'><strong>ri,</strong></span> <span class='ocrx_word' id='word_1_8' title='bbox 261 527 405 600; x_wconf 79' lang='lat' dir='ltr'><strong>llablratti,</strong></span> <span class='ocrx_word' id='word_1_9' title='bbox 423 528 557 602; x_wconf 76' lang='lat' dir='ltr'><strong>usuardi,</strong></span> <span class='ocrx_word' id='word_1_10' title='bbox 576 530 698 600; x_wconf 67' lang='lat' dir='ltr'><strong>adeatis,</strong></span> <span class='ocrx_word' id='word_1_11' title='bbox 719 531 839 599; x_wconf 84' lang='lat' dir='ltr'><strong>llolani,</strong></span> <span class='ocrx_word' id='word_1_12' title='bbox 858 532 997 599; x_wconf 89' lang='lat' dir='ltr'><strong>Galesini,</strong></span> <span class='ocrx_word' id='word_1_13' title='bbox 1012 538 1036 596; x_wconf 82' lang='lat' dir='ltr'>A</span> <span class='ocrx_word' id='word_1_14' title='bbox 1053 533 1130 590; x_wconf 87' lang='lat' dir='ltr'><strong>lleeci</strong></span> <span class='ocrx_word' id='word_1_15' title='bbox 1162 537 1279 606; x_wconf 82' lang='lat' dir='ltr'><strong>petulat,</strong></span> <span class='ocrx_word' id='word_1_16' title='bbox 1308 531 1354 604; x_wconf 92' lang='lat' dir='ltr'><strong>qni</strong></span> <span class='ocrx_word' id='word_1_17' title='bbox 1378 534 1489 592; x_wconf 83' lang='lat' dir='ltr'><strong>elicere</strong></span> <span class='ocrx_word' id='word_1_18' title='bbox 1518 531 1711 608; x_wconf 78' lang='lat' dir='ltr'><strong>quoquomodo</strong></span> <span class='ocrx_word' id='word_1_19' title='bbox 1738 548 1850 618; x_wconf 75' lang='lat' dir='ltr'><strong>queam.</strong></span> 
     </span>
     <span class='ocr_line' id='line_1_3' title="bbox 200 619 1851 717; baseline 0.001 -37"><span class='ocrx_word' id='word_1_20' title='bbox 200 622 345 687; x_wconf 74' lang='lat' dir='ltr'><strong>ltterottrt</strong></span> <span class='ocrx_word' id='word_1_21' title='bbox 358 633 386 680; x_wconf 89' lang='lat' dir='ltr'><strong>et</strong></span> <span class='ocrx_word' id='word_1_22' title='bbox 398 623 539 680; x_wconf 79' lang='lat' dir='ltr'><strong>similium.</strong></span> <span class='ocrx_word' id='word_1_23' title='bbox 556 623 715 683; x_wconf 74' lang='lat' dir='ltr'><strong>Graiorum</strong></span> <span class='ocrx_word' id='word_1_24' title='bbox 729 624 881 696; x_wconf 81' lang='lat' dir='ltr'><strong>arrettologia</strong></span> <span class='ocrx_word' id='word_1_25' title='bbox 897 625 1000 680; x_wconf 88' lang='lat' dir='ltr'><strong>aeard.</strong></span> <span class='ocrx_word' id='word_1_26' title='bbox 1055 628 1149 683; x_wconf 84' lang='lat' dir='ltr'><strong>[leniri</strong></span> <span class='ocrx_word' id='word_1_27' title='bbox 1176 627 1333 687; x_wconf 81' lang='lat' dir='ltr'><strong>Cbrtuticou</strong></span> <span class='ocrx_word' id='word_1_28' title='bbox 1359 627 1388 683; x_wconf 88' lang='lat' dir='ltr'><strong>lri</strong></span> <span class='ocrx_word' id='word_1_29' title='bbox 1413 627 1465 684; x_wconf 91' lang='lat' dir='ltr'><strong>seli</strong></span> <span class='ocrx_word' id='word_1_30' title='bbox 1491 625 1707 701; x_wconf 86' lang='lat' dir='ltr'><strong>parvipendunt,</strong></span> <span class='ocrx_word' id='word_1_31' title='bbox 1734 622 1779 699; x_wconf 86' lang='lat' dir='ltr'><strong>qui</strong></span> <span class='ocrx_word' id='word_1_32' title='bbox 1794 619 1851 717; x_wconf 67' lang='lat' dir='ltr'><strong>suis</strong></span> 
     </span>
     <span class='ocr_line' id='line_1_4' title="bbox 200 715 1852 801; baseline 0.005 -29"><span class='ocrx_word' id='word_1_33' title='bbox 200 715 302 772; x_wconf 83' lang='lat' dir='ltr'><strong>Sirleto</strong></span> <span class='ocrx_word' id='word_1_34' title='bbox 317 724 456 772; x_wconf 87' lang='lat' dir='ltr'><strong>eontracta</strong></span> <span class='ocrx_word' id='word_1_35' title='bbox 473 724 568 784; x_wconf 89' lang='lat' dir='ltr'><strong>er·arrt;</strong></span> <span class='ocrx_word' id='word_1_36' title='bbox 584 716 618 772; x_wconf 92' lang='lat' dir='ltr'><strong>ad</strong></span> <span class='ocrx_word' id='word_1_37' title='bbox 640 717 715 787; x_wconf 86' lang='lat' dir='ltr'><strong>ipses</strong></span> <span class='ocrx_word' id='word_1_38' title='bbox 731 715 843 772; x_wconf 79' lang='lat' dir='ltr'><strong>Grecos</strong></span> <span class='ocrx_word' id='word_1_39' title='bbox 855 716 944 774; x_wconf 88' lang='lat' dir='ltr'><strong>lentes</strong></span> <span class='ocrx_word' id='word_1_40' title='bbox 955 734 1000 774; x_wconf 91' lang='lat' dir='ltr'><strong>re·</strong></span> <span class='ocrx_word' id='word_1_41' title='bbox 1053 721 1228 793; x_wconf 76' lang='lat' dir='ltr'><strong>opinionibus</strong></span> <span class='ocrx_word' id='word_1_42' title='bbox 1246 724 1526 794; x_wconf 84' lang='lat' dir='ltr'><strong>necereexistiutaot,</strong></span> <span class='ocrx_word' id='word_1_43' title='bbox 1540 723 1615 779; x_wconf 85' lang='lat' dir='ltr'><strong>inulti</strong></span> <span class='ocrx_word' id='word_1_44' title='bbox 1632 740 1647 780; x_wconf 94' lang='lat' dir='ltr'><strong>e</strong></span> <span class='ocrx_word' id='word_1_45' title='bbox 1662 738 1795 801; x_wconf 79' lang='lat' dir='ltr'><strong>ceqperse</strong></span> <span class='ocrx_word' id='word_1_46' title='bbox 1817 739 1852 787; x_wconf 84' lang='lat' dir='ltr'><strong>eo</strong></span> 
     </span>
     <span class='ocr_line' id='line_1_5' title="bbox 200 808 1852 890; baseline 0.007 -28"><span class='ocrx_word' id='word_1_47' title='bbox 200 824 313 865; x_wconf 86' lang='lat' dir='ltr'><strong>crtrrere</strong></span> <span class='ocrx_word' id='word_1_48' title='bbox 328 827 335 862; x_wconf 79' lang='lat' dir='ltr'>z</span> <span class='ocrx_word' id='word_1_49' title='bbox 351 824 446 880; x_wconf 88' lang='lat' dir='ltr'><strong>parunt</strong></span> <span class='ocrx_word' id='word_1_50' title='bbox 468 808 521 866; x_wconf 90' lang='lat' dir='ltr'><strong>bec</strong></span> <span class='ocrx_word' id='word_1_51' title='bbox 532 850 540 878; x_wconf 88' lang='lat'><strong>,</strong></span> <span class='ocrx_word' id='word_1_52' title='bbox 551 811 585 865; x_wconf 86' lang='lat' dir='ltr'><strong>ad</strong></span> <span class='ocrx_word' id='word_1_53' title='bbox 605 810 791 866; x_wconf 81' lang='lat' dir='ltr'><strong>uetustissima</strong></span> <span class='ocrx_word' id='word_1_54' title='bbox 809 823 924 882; x_wconf 77' lang='lat' dir='ltr'><strong>quaque</strong></span> <span class='ocrx_word' id='word_1_55' title='bbox 944 825 1003 865; x_wconf 89' lang='lat' dir='ltr'><strong>uta·</strong></span> <span class='ocrx_word' id='word_1_56' title='bbox 1053 815 1193 872; x_wconf 74' lang='lat' dir='ltr'><strong>dumtaxat</strong></span> <span class='ocrx_word' id='word_1_57' title='bbox 1210 816 1425 888; x_wconf 80' lang='lat' dir='ltr'><strong>tnagrtiiaeiunt,</strong></span> <span class='ocrx_word' id='word_1_58' title='bbox 1437 817 1509 889; x_wconf 92' lang='lat' dir='ltr'><strong>qued</strong></span> <span class='ocrx_word' id='word_1_59' title='bbox 1529 817 1653 881; x_wconf 89' lang='lat' dir='ltr'><strong>nennilril</strong></span> <span class='ocrx_word' id='word_1_60' title='bbox 1678 834 1725 890; x_wconf 88' lang='lat' dir='ltr'><strong>pro</strong></span> <span class='ocrx_word' id='word_1_61' title='bbox 1741 812 1798 881; x_wconf 80' lang='lat' dir='ltr'><strong>suis</strong></span> <span class='ocrx_word' id='word_1_62' title='bbox 1810 812 1852 890; x_wconf 78' lang='lat' dir='ltr'><strong>ia·</strong></span> 
     </span>
     <span class='ocr_line' id='line_1_6' title="bbox 201 903 1854 983; baseline 0.007 -26"><span class='ocrx_word' id='word_1_63' title='bbox 201 903 342 974; x_wconf 84' lang='lat' dir='ltr'><strong>irriseripta</strong></span> <span class='ocrx_word' id='word_1_64' title='bbox 364 910 523 960; x_wconf 89' lang='lat' dir='ltr'><strong>sanctorum</strong></span> <span class='ocrx_word' id='word_1_65' title='bbox 543 913 693 976; x_wconf 79' lang='lat' dir='ltr'><strong>urartprum</strong></span> <span class='ocrx_word' id='word_1_66' title='bbox 707 914 783 969; x_wconf 88' lang='lat' dir='ltr'><strong>acta;</strong></span> <span class='ocrx_word' id='word_1_67' title='bbox 807 903 841 957; x_wconf 89' lang='lat' dir='ltr'><strong>ad</strong></span> <span class='ocrx_word' id='word_1_68' title='bbox 868 903 1002 959; x_wconf 83' lang='lat' dir='ltr'><strong>breviaria</strong></span> <span class='ocrx_word' id='word_1_69' title='bbox 1052 923 1117 965; x_wconf 88' lang='lat' dir='ltr'><strong>ecre</strong></span> <span class='ocrx_word' id='word_1_70' title='bbox 1130 908 1272 976; x_wconf 69' lang='lat' dir='ltr'><strong>ridentum</strong></span> <span class='ocrx_word' id='word_1_71' title='bbox 1290 904 1380 967; x_wconf 84' lang='lat' dir='ltr'><strong>uentri</strong></span> <span class='ocrx_word' id='word_1_72' title='bbox 1399 911 1576 983; x_wconf 86' lang='lat' dir='ltr'><strong>proteritate</strong></span> <span class='ocrx_word' id='word_1_73' title='bbox 1594 909 1725 969; x_wconf 87' lang='lat' dir='ltr'><strong>Cirrettici</strong></span> <span class='ocrx_word' id='word_1_74' title='bbox 1744 904 1854 977; x_wconf 83' lang='lat' dir='ltr'><strong>certan-</strong></span> 
     </span>
     <span class='ocr_line' id='line_1_7' title="bbox 200 994 1852 1075; baseline 0.007 -25"><span class='ocrx_word' id='word_1_75' title='bbox 200 994 1001 1068; x_wconf 82' lang='lat' dir='ltr'><strong>quoqueatrtiquadirersaruurEcclesiarumnecessarium</strong></span> <span class='ocrx_word' id='word_1_76' title='bbox 1053 1010 1105 1071; x_wconf 80' lang='lat' dir='ltr'><strong>tes,</strong></span> <span class='ocrx_word' id='word_1_77' title='bbox 1129 999 1177 1059; x_wconf 86' lang='lat' dir='ltr'><strong>aad</strong></span> <span class='ocrx_word' id='word_1_78' title='bbox 1198 1001 1281 1067; x_wconf 87' lang='lat' dir='ltr'><strong>trabit</strong></span> <span class='ocrx_word' id='word_1_79' title='bbox 1300 1018 1349 1059; x_wconf 90' lang='lat' dir='ltr'><strong>sua</strong></span> <span class='ocrx_word' id='word_1_80' title='bbox 1370 1019 1507 1075; x_wconf 89' lang='lat' dir='ltr'><strong>quemque</strong></span> <span class='ocrx_word' id='word_1_81' title='bbox 1528 1004 1664 1065; x_wconf 85' lang='lat' dir='ltr'><strong>veluntas.</strong></span> <span class='ocrx_word' id='word_1_82' title='bbox 1681 1004 1773 1069; x_wconf 85' lang='lat' dir='ltr'><strong>Semel</strong></span> <span class='ocrx_word' id='word_1_83' title='bbox 1785 1022 1852 1067; x_wconf 85' lang='lat' dir='ltr'><strong>uere</strong></span> 
     </span>
     <span class='ocr_line' id='line_1_8' title="bbox 201 1086 1851 1173; baseline 0.007 -29"><span class='ocrx_word' id='word_1_84' title='bbox 201 1097 271 1151; x_wconf 86' lang='lat' dir='ltr'><strong>crat.</strong></span> <span class='ocrx_word' id='word_1_85' title='bbox 297 1086 401 1144; x_wconf 84' lang='lat' dir='ltr'><strong>Rursus</strong></span> <span class='ocrx_word' id='word_1_86' title='bbox 426 1103 476 1161; x_wconf 87' lang='lat' dir='ltr'><strong>pre</strong></span> <span class='ocrx_word' id='word_1_87' title='bbox 499 1087 679 1158; x_wconf 86' lang='lat' dir='ltr'><strong>cltrenelogia</strong></span> <span class='ocrx_word' id='word_1_88' title='bbox 697 1101 831 1145; x_wconf 85' lang='lat' dir='ltr'><strong>annorum</strong></span> <span class='ocrx_word' id='word_1_89' title='bbox 856 1089 1003 1160; x_wconf 87' lang='lat' dir='ltr'><strong>unicuique</strong></span> <span class='ocrx_word' id='word_1_90' title='bbox 1054 1095 1138 1166; x_wconf 87' lang='lat' dir='ltr'><strong>ipsius</strong></span> <span class='ocrx_word' id='word_1_91' title='bbox 1150 1097 1301 1157; x_wconf 87' lang='lat' dir='ltr'><strong>sententias</strong></span> <span class='ocrx_word' id='word_1_92' title='bbox 1322 1095 1531 1162; x_wconf 84' lang='lat' dir='ltr'><strong>abominantes,</strong></span> <span class='ocrx_word' id='word_1_93' title='bbox 1548 1097 1648 1159; x_wconf 88' lang='lat' dir='ltr'><strong>ntultas</strong></span> <span class='ocrx_word' id='word_1_94' title='bbox 1663 1098 1851 1173; x_wconf 80' lang='lat' dir='ltr'><strong>cogitaverunt</strong></span> 
     </span>
     <span class='ocr_line' id='line_1_9' title="bbox 201 1182 1851 1261; baseline 0.005 -20"><span class='ocrx_word' id='word_1_95' title='bbox 201 1183 346 1242; x_wconf 79' lang='lat' dir='ltr'><strong>sententia</strong></span> <span class='ocrx_word' id='word_1_96' title='bbox 359 1182 393 1239; x_wconf 86' lang='lat' dir='ltr'><strong>ad</strong></span> <span class='ocrx_word' id='word_1_97' title='bbox 408 1185 560 1255; x_wconf 72' lang='lat' dir='ltr'><strong>marginem</strong></span> <span class='ocrx_word' id='word_1_98' title='bbox 575 1183 778 1253; x_wconf 84' lang='lat' dir='ltr'><strong>assignatorum</strong></span> <span class='ocrx_word' id='word_1_99' title='bbox 790 1224 798 1252; x_wconf 93' lang='lat'><strong>,</strong></span> <span class='ocrx_word' id='word_1_100' title='bbox 811 1185 926 1244; x_wconf 86' lang='lat' dir='ltr'><strong>mullum</strong></span> <span class='ocrx_word' id='word_1_101' title='bbox 942 1196 1002 1241; x_wconf 86' lang='lat' dir='ltr'><strong>erat</strong></span> <span class='ocrx_word' id='word_1_102' title='bbox 1053 1188 1304 1257; x_wconf 85' lang='lat' dir='ltr'><strong>contradictiones,</strong></span> <span class='ocrx_word' id='word_1_103' title='bbox 1327 1205 1389 1261; x_wconf 76' lang='lat' dir='ltr'><strong>qnae</strong></span> <span class='ocrx_word' id='word_1_104' title='bbox 1404 1191 1455 1247; x_wconf 84' lang='lat' dir='ltr'><strong>sibi</strong></span> <span class='ocrx_word' id='word_1_105' title='bbox 1475 1207 1528 1246; x_wconf 91' lang='lat' dir='ltr'><strong>uon</strong></span> <span class='ocrx_word' id='word_1_106' title='bbox 1553 1191 1643 1249; x_wconf 79' lang='lat' dir='ltr'><strong>tutinus</strong></span> <span class='ocrx_word' id='word_1_107' title='bbox 1664 1193 1691 1256; x_wconf 89' lang='lat' dir='ltr'><strong>itt</strong></span> <span class='ocrx_word' id='word_1_108' title='bbox 1709 1201 1851 1257; x_wconf 76' lang='lat' dir='ltr'><strong>auctorem</strong></span> 
     </span>
     <span class='ocr_line' id='line_1_10' title="bbox 201 1274 1852 1356; baseline 0.007 -23"><span class='ocrx_word' id='word_1_109' title='bbox 201 1275 269 1334; x_wconf 91' lang='lat' dir='ltr'><strong>unlri</strong></span> <span class='ocrx_word' id='word_1_110' title='bbox 284 1275 388 1333; x_wconf 88' lang='lat' dir='ltr'><strong>laberis</strong></span> <span class='ocrx_word' id='word_1_111' title='bbox 402 1275 595 1335; x_wconf 87' lang='lat' dir='ltr'><strong>assrunendnm</strong></span> <span class='ocrx_word' id='word_1_112' title='bbox 605 1291 613 1341; x_wconf 79' lang='lat'>3</span> <span class='ocrx_word' id='word_1_113' title='bbox 625 1290 658 1331; x_wconf 91' lang='lat' dir='ltr'><strong>eo</strong></span> <span class='ocrx_word' id='word_1_114' title='bbox 669 1274 713 1331; x_wconf 87' lang='lat' dir='ltr'><strong>rel</strong></span> <span class='ocrx_word' id='word_1_115' title='bbox 727 1274 934 1351; x_wconf 83' lang='lat' dir='ltr'><strong>maxime,quod</strong></span> <span class='ocrx_word' id='word_1_116' title='bbox 947 1291 1001 1331; x_wconf 90' lang='lat' dir='ltr'><strong>uon</strong></span> <span class='ocrx_word' id='word_1_117' title='bbox 1053 1299 1134 1354; x_wconf 86' lang='lat' dir='ltr'><strong>quam</strong></span> <span class='ocrx_word' id='word_1_118' title='bbox 1149 1283 1176 1338; x_wconf 91' lang='lat' dir='ltr'><strong>in</strong></span> <span class='ocrx_word' id='word_1_119' title='bbox 1193 1299 1260 1354; x_wconf 84' lang='lat' dir='ltr'><strong>opus</strong></span> <span class='ocrx_word' id='word_1_120' title='bbox 1275 1285 1381 1342; x_wconf 89' lang='lat' dir='ltr'><strong>irruere</strong></span> <span class='ocrx_word' id='word_1_121' title='bbox 1398 1284 1533 1355; x_wconf 85' lang='lat' dir='ltr'><strong>ridentur,</strong></span> <span class='ocrx_word' id='word_1_122' title='bbox 1553 1294 1580 1343; x_wconf 89' lang='lat' dir='ltr'><strong>et</strong></span> <span class='ocrx_word' id='word_1_123' title='bbox 1595 1285 1716 1356; x_wconf 80' lang='lat' dir='ltr'><strong>ipsorum</strong></span> <span class='ocrx_word' id='word_1_124' title='bbox 1731 1287 1852 1348; x_wconf 84' lang='lat' dir='ltr'><strong>aucuri-</strong></span> 
     </span>
     <span class='ocr_line' id='line_1_11' title="bbox 203 1368 1293 1443; baseline 0.007 -17"><span class='ocrx_word' id='word_1_125' title='bbox 203 1369 293 1427; x_wconf 86' lang='lat' dir='ltr'><strong>semel</strong></span> <span class='ocrx_word' id='word_1_126' title='bbox 309 1369 344 1427; x_wconf 90' lang='lat' dir='ltr'><strong>ab</strong></span> <span class='ocrx_word' id='word_1_127' title='bbox 357 1369 475 1425; x_wconf 89' lang='lat' dir='ltr'><strong>alierum</strong></span> <span class='ocrx_word' id='word_1_128' title='bbox 490 1370 684 1441; x_wconf 84' lang='lat' dir='ltr'><strong>supputatione</strong></span> <span class='ocrx_word' id='word_1_129' title='bbox 703 1370 839 1426; x_wconf 82' lang='lat' dir='ltr'><strong>dissidere</strong></span> <span class='ocrx_word' id='word_1_130' title='bbox 853 1368 1000 1436; x_wconf 86' lang='lat' dir='ltr'><strong>rideretur.</strong></span> <span class='ocrx_word' id='word_1_131' title='bbox 1056 1386 1138 1443; x_wconf 83' lang='lat' dir='ltr'><strong>tatem</strong></span> <span class='ocrx_word' id='word_1_132' title='bbox 1149 1391 1293 1435; x_wconf 84' lang='lat' dir='ltr'><strong>errertere.</strong></span> 
     </span>
    </p>

    <p class='ocr_par' dir='ltr' id='par_1_3' title="bbox 201 1460 1853 2184">
     <span class='ocr_line' id='line_1_12' title="bbox 238 1460 1853 1541; baseline 0.008 -25"><span class='ocrx_word' id='word_1_133' title='bbox 238 1461 315 1532; x_wconf 78' lang='lat' dir='ltr'><strong>Quod</strong></span> <span class='ocrx_word' id='word_1_134' title='bbox 343 1462 366 1517; x_wconf 89' lang='lat' dir='ltr'><strong>si</strong></span> <span class='ocrx_word' id='word_1_135' title='bbox 394 1460 455 1518; x_wconf 81' lang='lat' dir='ltr'><strong>lime</strong></span> <span class='ocrx_word' id='word_1_136' title='bbox 477 1462 568 1521; x_wconf 78' lang='lat' dir='ltr'><strong>forsan</strong></span> <span class='ocrx_word' id='word_1_137' title='bbox 585 1471 705 1525; x_wconf 86' lang='lat' dir='ltr'><strong>tnetrstra</strong></span> <span class='ocrx_word' id='word_1_138' title='bbox 721 1464 844 1533; x_wconf 87' lang='lat' dir='ltr'><strong>superari</strong></span> <span class='ocrx_word' id='word_1_139' title='bbox 874 1473 1000 1533; x_wconf 85' lang='lat' dir='ltr'><strong>possent,</strong></span> <span class='ocrx_word' id='word_1_140' title='bbox 1089 1467 1167 1537; x_wconf 82' lang='lat' dir='ltr'><strong>Quis,</strong></span> <span class='ocrx_word' id='word_1_141' title='bbox 1185 1484 1260 1541; x_wconf 89' lang='lat' dir='ltr'><strong>roge,</strong></span> <span class='ocrx_word' id='word_1_142' title='bbox 1277 1478 1316 1525; x_wconf 88' lang='lat' dir='ltr'><strong>tot</strong></span> <span class='ocrx_word' id='word_1_143' title='bbox 1341 1477 1472 1539; x_wconf 77' lang='lat' dir='ltr'><strong>pertaesus</strong></span> <span class='ocrx_word' id='word_1_144' title='bbox 1496 1468 1682 1538; x_wconf 82' lang='lat' dir='ltr'><strong>dilticoltates,</strong></span> <span class='ocrx_word' id='word_1_145' title='bbox 1697 1486 1750 1526; x_wconf 90' lang='lat' dir='ltr'><strong>neo</strong></span> <span class='ocrx_word' id='word_1_146' title='bbox 1764 1471 1853 1535; x_wconf 76' lang='lat' dir='ltr'><strong>ltere·</strong></span> 
     </span>
     <span class='ocr_line' id='line_1_13' title="bbox 204 1555 1852 1633; baseline 0.008 -27"><span class='ocrx_word' id='word_1_147' title='bbox 204 1569 323 1630; x_wconf 83' lang='lat' dir='ltr'><strong>quatuor</strong></span> <span class='ocrx_word' id='word_1_148' title='bbox 350 1556 551 1613; x_wconf 72' lang='lat' dir='ltr'><strong>antecedebam</strong></span> <span class='ocrx_word' id='word_1_149' title='bbox 579 1555 613 1613; x_wconf 92' lang='lat' dir='ltr'><strong>dc</strong></span> <span class='ocrx_word' id='word_1_150' title='bbox 649 1572 735 1624; x_wconf 85' lang='lat' dir='ltr'><strong>uero,</strong></span> <span class='ocrx_word' id='word_1_151' title='bbox 765 1574 824 1626; x_wconf 78' lang='lat' dir='ltr'><strong>qma</strong></span> <span class='ocrx_word' id='word_1_152' title='bbox 852 1560 1002 1615; x_wconf 73' lang='lat' dir='ltr'><strong>Atlanteos</strong></span> <span class='ocrx_word' id='word_1_153' title='bbox 1053 1573 1183 1633; x_wconf 85' lang='lat' dir='ltr'><strong>ret,ueu</strong></span> <span class='ocrx_word' id='word_1_154' title='bbox 1206 1560 1432 1627; x_wconf 82' lang='lat' dir='ltr'><strong>nlilbderet,non</strong></span> <span class='ocrx_word' id='word_1_155' title='bbox 1454 1562 1623 1620; x_wconf 84' lang='lat' dir='ltr'><strong>desisterent</strong></span> <span class='ocrx_word' id='word_1_156' title='bbox 1649 1579 1773 1621; x_wconf 84' lang='lat' dir='ltr'><strong>merere</strong></span> <span class='ocrx_word' id='word_1_157' title='bbox 1798 1581 1852 1623; x_wconf 90' lang='lat' dir='ltr'><strong>oen</strong></span> 
     </span>
     <span class='ocr_line' id='line_1_14' title="bbox 202 1649 1850 1725; baseline 0.005 -21"><span class='ocrx_word' id='word_1_158' title='bbox 202 1649 331 1704; x_wconf 83' lang='lat' dir='ltr'><strong>ituitreres</strong></span> <span class='ocrx_word' id='word_1_159' title='bbox 344 1649 379 1705; x_wconf 83' lang='lat' dir='ltr'><strong>ad</strong></span> <span class='ocrx_word' id='word_1_160' title='bbox 395 1657 586 1720; x_wconf 66' lang='lat' dir='ltr'><strong>eorrsjatrtunt</strong></span> <span class='ocrx_word' id='word_1_161' title='bbox 605 1653 823 1719; x_wconf 81' lang='lat' dir='ltr'><strong>supportandum</strong></span> <span class='ocrx_word' id='word_1_162' title='bbox 835 1651 999 1720; x_wconf 86' lang='lat' dir='ltr'><strong>exigebant:</strong></span> <span class='ocrx_word' id='word_1_163' title='bbox 1051 1652 1139 1707; x_wconf 90' lang='lat' dir='ltr'><strong>solum</strong></span> <span class='ocrx_word' id='word_1_164' title='bbox 1152 1666 1206 1709; x_wconf 92' lang='lat' dir='ltr'><strong>nen</strong></span> <span class='ocrx_word' id='word_1_165' title='bbox 1223 1652 1319 1722; x_wconf 92' lang='lat' dir='ltr'><strong>pedem</strong></span> <span class='ocrx_word' id='word_1_166' title='bbox 1334 1651 1485 1720; x_wconf 84' lang='lat' dir='ltr'><strong>retrelnre,</strong></span> <span class='ocrx_word' id='word_1_167' title='bbox 1502 1664 1546 1710; x_wconf 89' lang='lat' dir='ltr'><strong>ant</strong></span> <span class='ocrx_word' id='word_1_168' title='bbox 1561 1653 1722 1725; x_wconf 81' lang='lat' dir='ltr'><strong>desperare,</strong></span> <span class='ocrx_word' id='word_1_169' title='bbox 1740 1656 1787 1713; x_wconf 83' lang='lat' dir='ltr'><strong>sed</strong></span> <span class='ocrx_word' id='word_1_170' title='bbox 1802 1673 1850 1715; x_wconf 87' lang='lat' dir='ltr'><strong>ne-</strong></span> 
     </span>
     <span class='ocr_line' id='line_1_15' title="bbox 204 1740 1852 1815; baseline 0.004 -19"><span class='ocrx_word' id='word_1_171' title='bbox 204 1742 230 1796; x_wconf 86' lang='lat' dir='ltr'><strong>l’</strong></span> <span class='ocrx_word' id='word_1_172' title='bbox 242 1740 354 1796; x_wconf 83' lang='lat' dir='ltr'><strong>Novitas</strong></span> <span class='ocrx_word' id='word_1_173' title='bbox 370 1741 515 1808; x_wconf 83' lang='lat' dir='ltr'><strong>multarunt</strong></span> <span class='ocrx_word' id='word_1_174' title='bbox 531 1743 815 1812; x_wconf 65' lang='lat' dir='ltr'><strong>sarmentorumque</strong></span> <span class='ocrx_word' id='word_1_175' title='bbox 831 1745 939 1815; x_wconf 87' lang='lat' dir='ltr'><strong>pertitus</strong></span> <span class='ocrx_word' id='word_1_176' title='bbox 953 1759 1002 1800; x_wconf 87' lang='lat' dir='ltr'><strong>att·</strong></span> <span class='ocrx_word' id='word_1_177' title='bbox 1052 1759 1105 1812; x_wconf 89' lang='lat' dir='ltr'><strong>que</strong></span> <span class='ocrx_word' id='word_1_178' title='bbox 1121 1743 1227 1798; x_wconf 88' lang='lat' dir='ltr'><strong>haerere</strong></span> <span class='ocrx_word' id='word_1_179' title='bbox 1238 1744 1348 1814; x_wconf 89' lang='lat' dir='ltr'><strong>quidem</strong></span> <span class='ocrx_word' id='word_1_180' title='bbox 1367 1746 1424 1799; x_wconf 81' lang='lat' dir='ltr'><strong>line</strong></span> <span class='ocrx_word' id='word_1_181' title='bbox 1439 1755 1562 1799; x_wconf 85' lang='lat' dir='ltr'><strong>oronstra</strong></span> <span class='ocrx_word' id='word_1_182' title='bbox 1585 1745 1725 1813; x_wconf 87' lang='lat' dir='ltr'><strong>lecerunt;</strong></span> <span class='ocrx_word' id='word_1_183' title='bbox 1741 1748 1852 1805; x_wconf 89' lang='lat' dir='ltr'><strong>addide-</strong></span> 
     </span>
     <span class='ocr_line' id='line_1_16' title="bbox 201 1834 1853 1909; baseline 0.002 -18"><span class='ocrx_word' id='word_1_184' title='bbox 201 1835 275 1892; x_wconf 89' lang='lat' dir='ltr'><strong>ditus</strong></span> <span class='ocrx_word' id='word_1_185' title='bbox 301 1846 412 1890; x_wconf 86' lang='lat' dir='ltr'><strong>nostres</strong></span> <span class='ocrx_word' id='word_1_186' title='bbox 429 1835 580 1908; x_wconf 76' lang='lat' dir='ltr'><strong>attigeram</strong></span> <span class='ocrx_word' id='word_1_187' title='bbox 596 1852 602 1888; x_wconf 94' lang='lat'><strong>:</strong></span> <span class='ocrx_word' id='word_1_188' title='bbox 619 1835 800 1901; x_wconf 80' lang='lat' dir='ltr'><strong>rerbimusa,</strong></span> <span class='ocrx_word' id='word_1_189' title='bbox 816 1837 888 1906; x_wconf 90' lang='lat' dir='ltr'><strong>quod</strong></span> <span class='ocrx_word' id='word_1_190' title='bbox 903 1850 1000 1894; x_wconf 88' lang='lat' dir='ltr'><strong>centu·</strong></span> <span class='ocrx_word' id='word_1_191' title='bbox 1052 1844 1116 1890; x_wconf 87' lang='lat' dir='ltr'><strong>rnut</strong></span> <span class='ocrx_word' id='word_1_192' title='bbox 1130 1836 1218 1904; x_wconf 84' lang='lat' dir='ltr'><strong>potins</strong></span> <span class='ocrx_word' id='word_1_193' title='bbox 1233 1834 1356 1890; x_wconf 88' lang='lat' dir='ltr'><strong>currenti</strong></span> <span class='ocrx_word' id='word_1_194' title='bbox 1379 1836 1510 1900; x_wconf 84' lang='lat' dir='ltr'><strong>calcnrie;</strong></span> <span class='ocrx_word' id='word_1_195' title='bbox 1528 1836 1602 1892; x_wconf 90' lang='lat' dir='ltr'><strong>etad</strong></span> <span class='ocrx_word' id='word_1_196' title='bbox 1625 1853 1720 1894; x_wconf 89' lang='lat' dir='ltr'><strong>cerunt</strong></span> <span class='ocrx_word' id='word_1_197' title='bbox 1735 1854 1853 1909; x_wconf 82' lang='lat' dir='ltr'><strong>tntispe-</strong></span> 
     </span>
     <span class='ocr_line' id='line_1_17' title="bbox 202 1925 1852 2001; baseline 0.005 -21"><span class='ocrx_word' id='word_1_198' title='bbox 202 1927 294 1983; x_wconf 87' lang='lat' dir='ltr'><strong>rioues</strong></span> <span class='ocrx_word' id='word_1_199' title='bbox 320 1926 471 1996; x_wconf 83' lang='lat' dir='ltr'><strong>crattgclici</strong></span> <span class='ocrx_word' id='word_1_200' title='bbox 496 1926 610 1989; x_wconf 83' lang='lat' dir='ltr'><strong>luissent</strong></span> <span class='ocrx_word' id='word_1_201' title='bbox 636 1925 767 1995; x_wconf 85' lang='lat' dir='ltr'><strong>llispaoi;</strong></span> <span class='ocrx_word' id='word_1_202' title='bbox 792 1928 864 1998; x_wconf 91' lang='lat' dir='ltr'><strong>qued</strong></span> <span class='ocrx_word' id='word_1_203' title='bbox 886 1926 1126 1998; x_wconf 82' lang='lat' dir='ltr'><strong>epistolchtum</strong></span> <span class='ocrx_word' id='word_1_204' title='bbox 1154 1928 1270 1996; x_wconf 82' lang='lat' dir='ltr'><strong>rrrajeres</strong></span> <span class='ocrx_word' id='word_1_205' title='bbox 1286 1930 1359 1985; x_wconf 85' lang='lat' dir='ltr'><strong>tir-es</strong></span> <span class='ocrx_word' id='word_1_206' title='bbox 1386 1930 1560 2001; x_wconf 88' lang='lat' dir='ltr'><strong>animumque</strong></span> <span class='ocrx_word' id='word_1_207' title='bbox 1584 1947 1632 2001; x_wconf 89' lang='lat' dir='ltr'><strong>pro</strong></span> <span class='ocrx_word' id='word_1_208' title='bbox 1656 1931 1751 1989; x_wconf 84' lang='lat' dir='ltr'><strong>labere</strong></span> <span class='ocrx_word' id='word_1_209' title='bbox 1777 1944 1852 1990; x_wconf 86' lang='lat' dir='ltr'><strong>tuoto</strong></span> 
     </span>
     <span class='ocr_line' id='line_1_18' title="bbox 201 2017 1850 2094; baseline 0.007 -21"><span class='ocrx_word' id='word_1_210' title='bbox 201 2017 280 2073; x_wconf 86' lang='lat' dir='ltr'><strong>Pauli</strong></span> <span class='ocrx_word' id='word_1_211' title='bbox 294 2018 328 2072; x_wconf 88' lang='lat' dir='ltr'><strong>ad</strong></span> <span class='ocrx_word' id='word_1_212' title='bbox 344 2018 481 2085; x_wconf 83' lang='lat' dir='ltr'><strong>llebraes,</strong></span> <span class='ocrx_word' id='word_1_213' title='bbox 499 2019 532 2075; x_wconf 88' lang='lat' dir='ltr'><strong>ad</strong></span> <span class='ocrx_word' id='word_1_214' title='bbox 550 2018 712 2090; x_wconf 73' lang='lat' dir='ltr'><strong>ilisqranose</strong></span> <span class='ocrx_word' id='word_1_215' title='bbox 732 2019 873 2077; x_wconf 87' lang='lat' dir='ltr'><strong>ludaismo</strong></span> <span class='ocrx_word' id='word_1_216' title='bbox 883 2037 999 2081; x_wconf 84' lang='lat' dir='ltr'><strong>ronter-</strong></span> <span class='ocrx_word' id='word_1_217' title='bbox 1052 2018 1194 2077; x_wconf 79' lang='lat' dir='ltr'><strong>fortiorem</strong></span> <span class='ocrx_word' id='word_1_218' title='bbox 1215 2019 1397 2084; x_wconf 89' lang='lat' dir='ltr'><strong>indui,etimn</strong></span> <span class='ocrx_word' id='word_1_219' title='bbox 1411 2036 1493 2076; x_wconf 82' lang='lat' dir='ltr'><strong>rrnrrtc</strong></span> <span class='ocrx_word' id='word_1_220' title='bbox 1511 2023 1621 2092; x_wconf 77' lang='lat' dir='ltr'><strong>respui.</strong></span> <span class='ocrx_word' id='word_1_221' title='bbox 1636 2038 1778 2094; x_wconf 72' lang='lat' dir='ltr'><strong>mitiusque</strong></span> <span class='ocrx_word' id='word_1_222' title='bbox 1793 2037 1850 2081; x_wconf 78' lang='lat' dir='ltr'><strong>tatt-</strong></span> 
     </span>
     <span class='ocr_line' id='line_1_19' title="bbox 202 2111 1851 2184; baseline 0.004 -17"><span class='ocrx_word' id='word_1_223' title='bbox 202 2128 251 2168; x_wconf 90' lang='lat' dir='ltr'><strong>sos</strong></span> <span class='ocrx_word' id='word_1_224' title='bbox 263 2112 361 2181; x_wconf 87' lang='lat' dir='ltr'><strong>scripta</strong></span> <span class='ocrx_word' id='word_1_225' title='bbox 374 2111 482 2179; x_wconf 71' lang='lat' dir='ltr'><strong>inisset,</strong></span> <span class='ocrx_word' id='word_1_226' title='bbox 497 2113 568 2183; x_wconf 89' lang='lat' dir='ltr'><strong>qood</strong></span> <span class='ocrx_word' id='word_1_227' title='bbox 583 2113 715 2182; x_wconf 81' lang='lat' dir='ltr'><strong>Oplririna</strong></span> <span class='ocrx_word' id='word_1_228' title='bbox 727 2113 801 2184; x_wconf 85' lang='lat' dir='ltr'><strong>regie</strong></span> <span class='ocrx_word' id='word_1_229' title='bbox 815 2113 888 2170; x_wconf 85' lang='lat' dir='ltr'><strong>osset</strong></span> <span class='ocrx_word' id='word_1_230' title='bbox 900 2112 928 2169; x_wconf 89' lang='lat' dir='ltr'><strong>iu</strong></span> <span class='ocrx_word' id='word_1_231' title='bbox 939 2114 1001 2179; x_wconf 80' lang='lat' dir='ltr'><strong>llis·</strong></span> <span class='ocrx_word' id='word_1_232' title='bbox 1052 2113 1112 2171; x_wconf 91' lang='lat' dir='ltr'><strong>deut</strong></span> <span class='ocrx_word' id='word_1_233' title='bbox 1125 2113 1218 2170; x_wconf 75' lang='lat' dir='ltr'><strong>beatri</strong></span> <span class='ocrx_word' id='word_1_234' title='bbox 1232 2112 1387 2172; x_wconf 82' lang='lat' dir='ltr'><strong>Clrrunicon</strong></span> <span class='ocrx_word' id='word_1_235' title='bbox 1399 2114 1670 2181; x_wconf 75' lang='lat' dir='ltr'><strong>elucidaren13ratns</strong></span> <span class='ocrx_word' id='word_1_236' title='bbox 1681 2132 1735 2173; x_wconf 93' lang='lat' dir='ltr'><strong>nen</strong></span> <span class='ocrx_word' id='word_1_237' title='bbox 1751 2119 1777 2172; x_wconf 94' lang='lat' dir='ltr'><strong>in</strong></span> <span class='ocrx_word' id='word_1_238' title='bbox 1787 2117 1851 2177; x_wconf 83' lang='lat' dir='ltr'><strong>llis·</strong></span> 
     </span>
    </p>
   </div>
   <div class='ocr_carea' id='block_1_3' title="bbox 196 2203 999 3020">
    <p class='ocr_par' dir='ltr' id='par_1_4' title="bbox 196 2203 999 3020">
     <span class='ocr_line' id='line_1_20' title="bbox 200 2203 998 2275; baseline 0.01 -19"><span class='ocrx_word' id='word_1_239' title='bbox 200 2203 297 2273; x_wconf 88' lang='lat' dir='ltr'><strong>pania;</strong></span> <span class='ocrx_word' id='word_1_240' title='bbox 313 2211 339 2258; x_wconf 93' lang='lat' dir='ltr'><strong>et</strong></span> <span class='ocrx_word' id='word_1_241' title='bbox 352 2203 435 2257; x_wconf 86' lang='lat' dir='ltr'><strong>rrttrlto</strong></span> <span class='ocrx_word' id='word_1_242' title='bbox 452 2203 478 2257; x_wconf 91' lang='lat' dir='ltr'><strong>id</strong></span> <span class='ocrx_word' id='word_1_243' title='bbox 492 2219 657 2275; x_wconf 56' lang='lat' dir='ltr'><strong>genuaque·</strong></span> <span class='ocrx_word' id='word_1_244' title='bbox 670 2204 747 2261; x_wconf 89' lang='lat' dir='ltr'><strong>lacile</strong></span> <span class='ocrx_word' id='word_1_245' title='bbox 758 2207 784 2260; x_wconf 90' lang='lat' dir='ltr'><strong>in</strong></span> <span class='ocrx_word' id='word_1_246' title='bbox 797 2216 926 2262; x_wconf 85' lang='lat' dir='ltr'><strong>contextu</strong></span> <span class='ocrx_word' id='word_1_247' title='bbox 941 2207 998 2264; x_wconf 88' lang='lat' dir='ltr'><strong>eui·</strong></span> 
     </span>
     <span class='ocr_line' id='line_1_21' title="bbox 199 2296 998 2373; baseline 0.004 -20"><span class='ocrx_word' id='word_1_248' title='bbox 199 2301 241 2353; x_wconf 82' lang='lat' dir='ltr'><strong>nis</strong></span> <span class='ocrx_word' id='word_1_249' title='bbox 256 2308 413 2366; x_wconf 79' lang='lat' dir='ltr'><strong>occurrent.</strong></span> <span class='ocrx_word' id='word_1_250' title='bbox 425 2296 454 2352; x_wconf 66' lang='grc' dir='ltr'><strong>Ξ·</strong></span> <span class='ocrx_word' id='word_1_251' title='bbox 465 2297 579 2355; x_wconf 85' lang='lat' dir='ltr'><strong>Urbium</strong></span> <span class='ocrx_word' id='word_1_252' title='bbox 600 2300 806 2370; x_wconf 83' lang='lat' dir='ltr'><strong>llispanicarnm</strong></span> <span class='ocrx_word' id='word_1_253' title='bbox 822 2302 998 2373; x_wconf 85' lang='lat' dir='ltr'><strong>getrgrapbia,</strong></span> 
     </span>
     <span class='ocr_line' id='line_1_22' title="bbox 199 2392 998 2466; baseline 0.001 -14"><span class='ocrx_word' id='word_1_254' title='bbox 199 2392 421 2464; x_wconf 81' lang='lat' dir='ltr'><strong>qoasecnndunr</strong></span> <span class='ocrx_word' id='word_1_255' title='bbox 435 2394 657 2451; x_wconf 84' lang='lat' dir='ltr'><strong>nomenclator-as</strong></span> <span class='ocrx_word' id='word_1_256' title='bbox 672 2395 808 2466; x_wconf 86' lang='lat' dir='ltr'><strong>antiquas,</strong></span> <span class='ocrx_word' id='word_1_257' title='bbox 836 2410 890 2452; x_wconf 92' lang='lat' dir='ltr'><strong>neo</strong></span> <span class='ocrx_word' id='word_1_258' title='bbox 909 2396 998 2453; x_wconf 87' lang='lat' dir='ltr'><strong>selum</strong></span> 
     </span>
     <span class='ocr_line' id='line_1_23' title="bbox 199 2486 998 2556; baseline 0.003 -15"><span class='ocrx_word' id='word_1_259' title='bbox 199 2501 246 2541; x_wconf 89' lang='lat' dir='ltr'><strong>eas</strong></span> <span class='ocrx_word' id='word_1_260' title='bbox 271 2486 406 2556; x_wconf 81' lang='lat' dir='ltr'><strong>cognitas,</strong></span> <span class='ocrx_word' id='word_1_261' title='bbox 427 2486 476 2541; x_wconf 91' lang='lat' dir='ltr'><strong>sed</strong></span> <span class='ocrx_word' id='word_1_262' title='bbox 492 2487 575 2542; x_wconf 88' lang='lat' dir='ltr'><strong>etiam</strong></span> <span class='ocrx_word' id='word_1_263' title='bbox 591 2486 624 2542; x_wconf 90' lang='lat' dir='ltr'><strong>ad</strong></span> <span class='ocrx_word' id='word_1_264' title='bbox 647 2502 718 2543; x_wconf 88' lang='lat' dir='ltr'><strong>nera</strong></span> <span class='ocrx_word' id='word_1_265' title='bbox 741 2487 998 2544; x_wconf 85' lang='lat' dir='ltr'><strong>collatasrerabula</strong></span> 
     </span>
     <span class='ocr_line' id='line_1_24' title="bbox 198 2576 999 2649; baseline 0.001 -15"><span class='ocrx_word' id='word_1_266' title='bbox 198 2576 258 2634; x_wconf 87' lang='lat' dir='ltr'><strong>sine</strong></span> <span class='ocrx_word' id='word_1_267' title='bbox 284 2578 466 2649; x_wconf 80' lang='lat' dir='ltr'><strong>discrepantia</strong></span> <span class='ocrx_word' id='word_1_268' title='bbox 488 2578 615 2648; x_wconf 86' lang='lat' dir='ltr'><strong>rrqttirit.</strong></span> <span class='ocrx_word' id='word_1_269' title='bbox 637 2577 715 2634; x_wconf 84' lang='lat' dir='ltr'><strong>Nulla</strong></span> <span class='ocrx_word' id='word_1_270' title='bbox 737 2589 827 2634; x_wconf 88' lang='lat' dir='ltr'><strong>autem</strong></span> <span class='ocrx_word' id='word_1_271' title='bbox 847 2581 922 2635; x_wconf 85' lang='lat' dir='ltr'><strong>erbis</strong></span> <span class='ocrx_word' id='word_1_272' title='bbox 939 2581 999 2636; x_wconf 88' lang='lat' dir='ltr'><strong>utti-</strong></span> 
     </span>
     <span class='ocr_line' id='line_1_25' title="bbox 199 2670 997 2740; baseline 0.003 -13"><span class='ocrx_word' id='word_1_273' title='bbox 199 2670 272 2727; x_wconf 86' lang='lat' dir='ltr'><strong>tersi</strong></span> <span class='ocrx_word' id='word_1_274' title='bbox 292 2670 369 2740; x_wconf 90' lang='lat' dir='ltr'><strong>regie</strong></span> <span class='ocrx_word' id='word_1_275' title='bbox 391 2671 472 2726; x_wconf 90' lang='lat' dir='ltr'><strong>toties</strong></span> <span class='ocrx_word' id='word_1_276' title='bbox 496 2672 610 2726; x_wconf 89' lang='lat' dir='ltr'><strong>mutarit</strong></span> <span class='ocrx_word' id='word_1_277' title='bbox 630 2671 738 2727; x_wconf 89' lang='lat' dir='ltr'><strong>urbium</strong></span> <span class='ocrx_word' id='word_1_278' title='bbox 756 2688 866 2728; x_wconf 84' lang='lat' dir='ltr'><strong>sitarum</strong></span> <span class='ocrx_word' id='word_1_279' title='bbox 888 2674 997 2729; x_wconf 89' lang='lat' dir='ltr'><strong>nemina</strong></span> 
     </span>
     <span class='ocr_line' id='line_1_26' title="bbox 198 2762 996 2832; baseline 0.006 -15"><span class='ocrx_word' id='word_1_280' title='bbox 198 2762 307 2832; x_wconf 76' lang='lat' dir='ltr'><strong>quoties</strong></span> <span class='ocrx_word' id='word_1_281' title='bbox 320 2762 469 2830; x_wconf 86' lang='lat' dir='ltr'><strong>llispania;</strong></span> <span class='ocrx_word' id='word_1_282' title='bbox 493 2777 556 2817; x_wconf 87' lang='lat' dir='ltr'><strong>curu</strong></span> <span class='ocrx_word' id='word_1_283' title='bbox 572 2763 645 2817; x_wconf 88' lang='lat' dir='ltr'><strong>nrtlla</strong></span> <span class='ocrx_word' id='word_1_284' title='bbox 662 2764 740 2820; x_wconf 88' lang='lat' dir='ltr'><strong>toties</strong></span> <span class='ocrx_word' id='word_1_285' title='bbox 753 2763 936 2821; x_wconf 88' lang='lat' dir='ltr'><strong>Barbarorunt</strong></span> <span class='ocrx_word' id='word_1_286' title='bbox 954 2767 996 2822; x_wconf 88' lang='lat' dir='ltr'><strong>ie·</strong></span> 
     </span>
     <span class='ocr_line' id='line_1_27' title="bbox 198 2855 995 2929; baseline 0.003 -17"><span class='ocrx_word' id='word_1_287' title='bbox 198 2858 357 2922; x_wconf 84' lang='lat' dir='ltr'><strong>cursiones,</strong></span> <span class='ocrx_word' id='word_1_288' title='bbox 385 2870 417 2911; x_wconf 89' lang='lat' dir='ltr'><strong>ac</strong></span> <span class='ocrx_word' id='word_1_289' title='bbox 446 2855 567 2911; x_wconf 86' lang='lat' dir='ltr'><strong>dominia</strong></span> <span class='ocrx_word' id='word_1_290' title='bbox 593 2870 723 2927; x_wconf 85' lang='lat' dir='ltr'><strong>perpessa</strong></span> <span class='ocrx_word' id='word_1_291' title='bbox 738 2856 841 2915; x_wconf 88' lang='lat' dir='ltr'><strong>luerit:</strong></span> <span class='ocrx_word' id='word_1_292' title='bbox 864 2874 926 2913; x_wconf 89' lang='lat' dir='ltr'><strong>nam</strong></span> <span class='ocrx_word' id='word_1_293' title='bbox 942 2861 995 2929; x_wconf 91' lang='lat' dir='ltr'><strong>pri·</strong></span> 
     </span>
     <span class='ocr_line' id='line_1_28' title="bbox 196 2946 996 3020; baseline 0.008 -17"><span class='ocrx_word' id='word_1_294' title='bbox 196 2963 272 3003; x_wconf 88' lang='lat' dir='ltr'><strong>nturn</strong></span> <span class='ocrx_word' id='word_1_295' title='bbox 301 2946 385 3020; x_wconf 81' lang='lat' dir='ltr'><strong>(qnod</strong></span> <span class='ocrx_word' id='word_1_296' title='bbox 406 2947 537 3017; x_wconf 83' lang='lat' dir='ltr'><strong>sciamus)</strong></span> <span class='ocrx_word' id='word_1_297' title='bbox 564 2949 676 3005; x_wconf 79' lang='lat' dir='ltr'><strong>subracta</strong></span> <span class='ocrx_word' id='word_1_298' title='bbox 700 2949 780 3007; x_wconf 84' lang='lat' dir='ltr'><strong>inita</strong></span> <span class='ocrx_word' id='word_1_299' title='bbox 802 2949 996 3020; x_wconf 86' lang='lat' dir='ltr'><strong>Pboeuicibus,</strong></span> 
     </span>
    </p>
   </div>
   <div class='ocr_carea' id='block_1_4' title="bbox 1048 2206 1850 3023">
    <p class='ocr_par' dir='ltr' id='par_1_5' title="bbox 1048 2206 1850 3023">
     <span class='ocr_line' id='line_1_29' title="bbox 1050 2206 1850 2283; baseline 0.015 -27"><span class='ocrx_word' id='word_1_300' title='bbox 1050 2208 1138 2283; x_wconf 78' lang='lat' dir='ltr'><strong>partie</strong></span> <span class='ocrx_word' id='word_1_301' title='bbox 1154 2207 1314 2274; x_wconf 84' lang='lat' dir='ltr'><strong>dumtaxat,</strong></span> <span class='ocrx_word' id='word_1_302' title='bbox 1331 2208 1379 2265; x_wconf 91' lang='lat' dir='ltr'><strong>sed</strong></span> <span class='ocrx_word' id='word_1_303' title='bbox 1393 2222 1421 2264; x_wconf 86' lang='lat' dir='ltr'><strong>en</strong></span> <span class='ocrx_word' id='word_1_304' title='bbox 1440 2208 1574 2266; x_wconf 79' lang='lat' dir='ltr'><strong>rrntrersa</strong></span> <span class='ocrx_word' id='word_1_305' title='bbox 1595 2206 1698 2266; x_wconf 83' lang='lat' dir='ltr'><strong>Christi</strong></span> <span class='ocrx_word' id='word_1_306' title='bbox 1720 2211 1850 2269; x_wconf 76' lang='lat' dir='ltr'><strong>Ecclesiae</strong></span> 
     </span>
     <span class='ocr_line' id='line_1_30' title="bbox 1050 2299 1849 2372; baseline 0.008 -17"><span class='ocrx_word' id='word_1_307' title='bbox 1050 2314 1105 2355; x_wconf 85' lang='lat' dir='ltr'><strong>neit</strong></span> <span class='ocrx_word' id='word_1_308' title='bbox 1119 2299 1347 2356; x_wconf 78' lang='lat' dir='ltr'><strong>contemnendam</strong></span> <span class='ocrx_word' id='word_1_309' title='bbox 1367 2299 1481 2372; x_wconf 87' lang='lat' dir='ltr'><strong>gloriam</strong></span> <span class='ocrx_word' id='word_1_310' title='bbox 1503 2299 1617 2367; x_wconf 86' lang='lat' dir='ltr'><strong>eedere;</strong></span> <span class='ocrx_word' id='word_1_311' title='bbox 1633 2316 1694 2358; x_wconf 88' lang='lat' dir='ltr'><strong>cunr</strong></span> <span class='ocrx_word' id='word_1_312' title='bbox 1712 2302 1796 2360; x_wconf 91' lang='lat' dir='ltr'><strong>multa</strong></span> <span class='ocrx_word' id='word_1_313' title='bbox 1821 2303 1849 2361; x_wconf 86' lang='lat' dir='ltr'><strong>tn</strong></span> 
     </span>
     <span class='ocr_line' id='line_1_31' title="bbox 1050 2391 1850 2462; baseline 0.004 -13"><span class='ocrx_word' id='word_1_314' title='bbox 1050 2392 1237 2449; x_wconf 88' lang='lat' dir='ltr'><strong>ecelesiastica</strong></span> <span class='ocrx_word' id='word_1_315' title='bbox 1253 2391 1365 2448; x_wconf 82' lang='lat' dir='ltr'><strong>bisteria</strong></span> <span class='ocrx_word' id='word_1_316' title='bbox 1381 2401 1570 2462; x_wconf 78' lang='lat' dir='ltr'><strong>controversa,</strong></span> <span class='ocrx_word' id='word_1_317' title='bbox 1584 2393 1676 2456; x_wconf 83' lang='lat' dir='ltr'><strong>Dextri</strong></span> <span class='ocrx_word' id='word_1_318' title='bbox 1691 2394 1850 2454; x_wconf 90' lang='lat' dir='ltr'><strong>testimonie</strong></span> 
     </span>
     <span class='ocr_line' id='line_1_32' title="bbox 1050 2483 1846 2562; baseline 0.005 -23"><span class='ocrx_word' id='word_1_319' title='bbox 1050 2483 1210 2553; x_wconf 80' lang='lat' dir='ltr'><strong>iniciuntur,</strong></span> <span class='ocrx_word' id='word_1_320' title='bbox 1225 2494 1252 2540; x_wconf 86' lang='lat' dir='ltr'><strong>et</strong></span> <span class='ocrx_word' id='word_1_321' title='bbox 1266 2499 1319 2540; x_wconf 89' lang='lat' dir='ltr'><strong>nen</strong></span> <span class='ocrx_word' id='word_1_322' title='bbox 1335 2499 1422 2558; x_wconf 84' lang='lat' dir='ltr'><strong>pauca</strong></span> <span class='ocrx_word' id='word_1_323' title='bbox 1433 2502 1448 2541; x_wconf 90' lang='lat' dir='ltr'><strong>a</strong></span> <span class='ocrx_word' id='word_1_324' title='bbox 1460 2487 1569 2544; x_wconf 82' lang='lat' dir='ltr'><strong>eatenis</strong></span> <span class='ocrx_word' id='word_1_325' title='bbox 1584 2490 1768 2557; x_wconf 82' lang='lat' dir='ltr'><strong>praetermissa</strong></span> <span class='ocrx_word' id='word_1_326' title='bbox 1781 2504 1846 2562; x_wconf 84' lang='lat' dir='ltr'><strong>sup·</strong></span> 
     </span>
     <span class='ocr_line' id='line_1_33' title="bbox 1050 2579 1847 2653; baseline 0.009 -20"><span class='ocrx_word' id='word_1_327' title='bbox 1050 2579 1216 2650; x_wconf 84' lang='lat' dir='ltr'><strong>piamentum</strong></span> <span class='ocrx_word' id='word_1_328' title='bbox 1240 2594 1288 2650; x_wconf 90' lang='lat' dir='ltr'><strong>per</strong></span> <span class='ocrx_word' id='word_1_329' title='bbox 1308 2595 1370 2636; x_wconf 91' lang='lat' dir='ltr'><strong>eum</strong></span> <span class='ocrx_word' id='word_1_330' title='bbox 1385 2581 1529 2651; x_wconf 86' lang='lat' dir='ltr'><strong>accipiant.</strong></span> <span class='ocrx_word' id='word_1_331' title='bbox 1556 2585 1645 2653; x_wconf 81' lang='lat' dir='ltr'><strong>Atque</strong></span> <span class='ocrx_word' id='word_1_332' title='bbox 1661 2597 1695 2639; x_wconf 86' lang='lat' dir='ltr'><strong>ca</strong></span> <span class='ocrx_word' id='word_1_333' title='bbox 1717 2583 1750 2640; x_wconf 92' lang='lat' dir='ltr'><strong>de</strong></span> <span class='ocrx_word' id='word_1_334' title='bbox 1766 2599 1847 2643; x_wconf 84' lang='lat' dir='ltr'><strong>causa</strong></span> 
     </span>
     <span class='ocr_line' id='line_1_34' title="bbox 1048 2670 1845 2745; baseline 0 -16"><span class='ocrx_word' id='word_1_335' title='bbox 1048 2671 1182 2745; x_wconf 84' lang='lat' dir='ltr'><strong>quidquid</strong></span> <span class='ocrx_word' id='word_1_336' title='bbox 1210 2672 1236 2726; x_wconf 92' lang='lat' dir='ltr'><strong>iu</strong></span> <span class='ocrx_word' id='word_1_337' title='bbox 1265 2670 1393 2739; x_wconf 90' lang='lat' dir='ltr'><strong>llispania</strong></span> <span class='ocrx_word' id='word_1_338' title='bbox 1420 2670 1530 2729; x_wconf 81' lang='lat' dir='ltr'><strong>italiam</strong></span> <span class='ocrx_word' id='word_1_339' title='bbox 1553 2681 1599 2727; x_wconf 88' lang='lat' dir='ltr'><strong>eut</strong></span> <span class='ocrx_word' id='word_1_340' title='bbox 1619 2672 1707 2730; x_wconf 86' lang='lat' dir='ltr'><strong>Gallia</strong></span> <span class='ocrx_word' id='word_1_341' title='bbox 1731 2674 1845 2732; x_wconf 90' lang='lat' dir='ltr'><strong>adrem</strong></span> 
     </span>
     <span class='ocr_line' id='line_1_35' title="bbox 1049 2763 1849 2836; baseline 0.005 -17"><span class='ocrx_word' id='word_1_342' title='bbox 1049 2779 1137 2819; x_wconf 85' lang='lat' dir='ltr'><strong>utram</strong></span> <span class='ocrx_word' id='word_1_343' title='bbox 1154 2766 1243 2819; x_wconf 86' lang='lat' dir='ltr'><strong>lacere</strong></span> <span class='ocrx_word' id='word_1_344' title='bbox 1257 2763 1409 2829; x_wconf 86' lang='lat' dir='ltr'><strong>crederem,</strong></span> <span class='ocrx_word' id='word_1_345' title='bbox 1426 2763 1591 2831; x_wconf 80' lang='lat' dir='ltr'><strong>ctrnquisiri,</strong></span> <span class='ocrx_word' id='word_1_346' title='bbox 1606 2764 1665 2821; x_wconf 86' lang='lat' dir='ltr'><strong>sire</strong></span> <span class='ocrx_word' id='word_1_347' title='bbox 1680 2781 1740 2836; x_wconf 78' lang='lat' dir='ltr'><strong>quae</strong></span> <span class='ocrx_word' id='word_1_348' title='bbox 1751 2767 1786 2822; x_wconf 90' lang='lat' dir='ltr'><strong>ad</strong></span> <span class='ocrx_word' id='word_1_349' title='bbox 1797 2765 1849 2823; x_wconf 92' lang='lat' dir='ltr'><strong>bu·</strong></span> 
     </span>
     <span class='ocr_line' id='line_1_36' title="bbox 1048 2853 1848 2929; baseline 0.006 -20"><span class='ocrx_word' id='word_1_350' title='bbox 1048 2855 1187 2910; x_wconf 89' lang='lat' dir='ltr'><strong>manieres</strong></span> <span class='ocrx_word' id='word_1_351' title='bbox 1203 2854 1308 2909; x_wconf 88' lang='lat' dir='ltr'><strong>litteras</strong></span> <span class='ocrx_word' id='word_1_352' title='bbox 1325 2853 1397 2925; x_wconf 86' lang='lat' dir='ltr'><strong>apud</strong></span> <span class='ocrx_word' id='word_1_353' title='bbox 1413 2853 1559 2923; x_wconf 79' lang='lat' dir='ltr'><strong>profanos,</strong></span> <span class='ocrx_word' id='word_1_354' title='bbox 1577 2856 1634 2911; x_wconf 89' lang='lat' dir='ltr'><strong>sire</strong></span> <span class='ocrx_word' id='word_1_355' title='bbox 1654 2871 1715 2929; x_wconf 78' lang='lat' dir='ltr'><strong>quic</strong></span> <span class='ocrx_word' id='word_1_356' title='bbox 1734 2857 1767 2915; x_wconf 92' lang='lat' dir='ltr'><strong>ad</strong></span> <span class='ocrx_word' id='word_1_357' title='bbox 1782 2858 1848 2917; x_wconf 88' lang='lat' dir='ltr'><strong>seli·</strong></span> 
     </span>
     <span class='ocr_line' id='line_1_37' title="bbox 1048 2944 1846 3023; baseline 0.005 -20"><span class='ocrx_word' id='word_1_358' title='bbox 1048 2947 1141 3003; x_wconf 89' lang='lat' dir='ltr'><strong>diores</strong></span> <span class='ocrx_word' id='word_1_359' title='bbox 1157 2957 1184 3007; x_wconf 91' lang='lat' dir='ltr'><strong>et</strong></span> <span class='ocrx_word' id='word_1_360' title='bbox 1197 2944 1304 3002; x_wconf 84' lang='lat' dir='ltr'><strong>diuinas</strong></span> <span class='ocrx_word' id='word_1_361' title='bbox 1316 2944 1386 3023; x_wconf 77' lang='lat' dir='ltr'><strong>apud</strong></span> <span class='ocrx_word' id='word_1_362' title='bbox 1401 2956 1512 3002; x_wconf 84' lang='lat' dir='ltr'><strong>sanctos</strong></span> <span class='ocrx_word' id='word_1_363' title='bbox 1526 2947 1622 3005; x_wconf 84' lang='lat' dir='ltr'><strong>Patres</strong></span> <span class='ocrx_word' id='word_1_364' title='bbox 1636 2956 1665 3004; x_wconf 90' lang='lat' dir='ltr'><strong>et</strong></span> <span class='ocrx_word' id='word_1_365' title='bbox 1677 2949 1846 3017; x_wconf 75' lang='lat' dir='ltr'><strong>ecclesiasti-</strong></span> 
     </span>
    </p>
   </div>
   <div class='ocr_carea' id='block_1_5' title="bbox 173 3039 1927 4872">
    <p class='ocr_par' dir='ltr' id='par_1_6' title="bbox 173 3039 1927 4872">
     <span class='ocr_line' id='line_1_38' title="bbox 196 3039 1844 3112; baseline 0.002 -17"><span class='ocrx_word' id='word_1_366' title='bbox 196 3039 325 3100; x_wconf 88' lang='lat' dir='ltr'><strong>deindea</strong></span> <span class='ocrx_word' id='word_1_367' title='bbox 342 3041 442 3104; x_wconf 77' lang='lat' dir='ltr'><strong>Ptenis,</strong></span> <span class='ocrx_word' id='word_1_368' title='bbox 467 3055 563 3096; x_wconf 87' lang='lat' dir='ltr'><strong>rursus</strong></span> <span class='ocrx_word' id='word_1_369' title='bbox 588 3039 768 3111; x_wconf 70' lang='lat' dir='ltr'><strong>aldemanio,</strong></span> <span class='ocrx_word' id='word_1_370' title='bbox 784 3043 899 3100; x_wconf 84' lang='lat' dir='ltr'><strong>subinde</strong></span> <span class='ocrx_word' id='word_1_371' title='bbox 913 3061 928 3099; x_wconf 90' lang='lat' dir='ltr'><strong>a</strong></span> <span class='ocrx_word' id='word_1_372' title='bbox 943 3044 997 3100; x_wconf 85' lang='lat' dir='ltr'><strong>Go—</strong></span> <span class='ocrx_word' id='word_1_373' title='bbox 1047 3056 1096 3097; x_wconf 84' lang='lat' dir='ltr'><strong>cos</strong></span> <span class='ocrx_word' id='word_1_374' title='bbox 1120 3039 1258 3105; x_wconf 84' lang='lat' dir='ltr'><strong>dectores,</strong></span> <span class='ocrx_word' id='word_1_375' title='bbox 1285 3039 1417 3106; x_wconf 83' lang='lat' dir='ltr'><strong>concilia,</strong></span> <span class='ocrx_word' id='word_1_376' title='bbox 1434 3041 1640 3112; x_wconf 71' lang='lat' dir='ltr'><strong>martyrologia,</strong></span> <span class='ocrx_word' id='word_1_377' title='bbox 1666 3042 1844 3109; x_wconf 90' lang='lat' dir='ltr'><strong>sanctoralia,</strong></span> 
     </span>
     <span class='ocr_line' id='line_1_39' title="bbox 198 3130 1846 3218; baseline 0.003 -29"><span class='ocrx_word' id='word_1_378' title='bbox 198 3133 264 3194; x_wconf 83' lang='lat' dir='ltr'><strong>tbis.</strong></span> <span class='ocrx_word' id='word_1_379' title='bbox 279 3135 388 3189; x_wconf 88' lang='lat' dir='ltr'><strong>demum</strong></span> <span class='ocrx_word' id='word_1_380' title='bbox 403 3148 418 3187; x_wconf 94' lang='lat' dir='ltr'><strong>a</strong></span> <span class='ocrx_word' id='word_1_381' title='bbox 433 3133 545 3201; x_wconf 87' lang='lat' dir='ltr'><strong>llanris,</strong></span> <span class='ocrx_word' id='word_1_382' title='bbox 559 3147 675 3203; x_wconf 74' lang='lat' dir='ltr'><strong>iquorem</strong></span> <span class='ocrx_word' id='word_1_383' title='bbox 696 3136 811 3205; x_wconf 76' lang='lat' dir='ltr'><strong>quilibet</strong></span> <span class='ocrx_word' id='word_1_384' title='bbox 825 3140 866 3192; x_wconf 89' lang='lat' dir='ltr'><strong>sui</strong></span> <span class='ocrx_word' id='word_1_385' title='bbox 883 3138 996 3197; x_wconf 86' lang='lat' dir='ltr'><strong>idioma·</strong></span> <span class='ocrx_word' id='word_1_386' title='bbox 1047 3130 1138 3189; x_wconf 88' lang='lat' dir='ltr'><strong>laeerc</strong></span> <span class='ocrx_word' id='word_1_387' title='bbox 1159 3133 1337 3191; x_wconf 59' lang='lat' dir='ltr'><strong>existimarim</strong></span> <span class='ocrx_word' id='word_1_388' title='bbox 1356 3148 1431 3189; x_wconf 90' lang='lat' dir='ltr'><strong>:nen</strong></span> <span class='ocrx_word' id='word_1_389' title='bbox 1458 3132 1565 3200; x_wconf 87' lang='lat' dir='ltr'><strong>labori,</strong></span> <span class='ocrx_word' id='word_1_390' title='bbox 1590 3149 1645 3195; x_wconf 81' lang='lat' dir='ltr'><strong>non</strong></span> <span class='ocrx_word' id='word_1_391' title='bbox 1665 3135 1767 3205; x_wconf 77' lang='lat' dir='ltr'><strong>atrioli,</strong></span> <span class='ocrx_word' id='word_1_392' title='bbox 1792 3151 1846 3218; x_wconf 81' lang='lat' dir='ltr'><strong>iton</strong></span> 
     </span>
     <span class='ocr_line' id='line_1_40' title="bbox 197 3223 1845 3298; baseline -0.001 -16"><span class='ocrx_word' id='word_1_393' title='bbox 197 3225 478 3282; x_wconf 84' lang='lat' dir='ltr'><strong>tisrtrbibusuemina</strong></span> <span class='ocrx_word' id='word_1_394' title='bbox 493 3227 681 3296; x_wconf 87' lang='lat' dir='ltr'><strong>iorponebant.</strong></span> <span class='ocrx_word' id='word_1_395' title='bbox 696 3229 724 3282; x_wconf 78' lang='lat'><strong>5⁰</strong></span> <span class='ocrx_word' id='word_1_396' title='bbox 738 3229 793 3286; x_wconf 88' lang='lat' dir='ltr'><strong>Nec</strong></span> <span class='ocrx_word' id='word_1_397' title='bbox 809 3231 923 3286; x_wconf 78' lang='lat' dir='ltr'><strong>ntinrrris</strong></span> <span class='ocrx_word' id='word_1_398' title='bbox 937 3242 996 3289; x_wconf 89' lang='lat' dir='ltr'><strong>erat</strong></span> <span class='ocrx_word' id='word_1_399' title='bbox 1046 3227 1168 3293; x_wconf 83' lang='lat' dir='ltr'><strong>surrtptni</strong></span> <span class='ocrx_word' id='word_1_400' title='bbox 1191 3238 1325 3294; x_wconf 70' lang='lat' dir='ltr'><strong>parcerent</strong></span> <span class='ocrx_word' id='word_1_401' title='bbox 1348 3223 1373 3279; x_wconf 93' lang='lat' dir='ltr'><strong>id</strong></span> <span class='ocrx_word' id='word_1_402' title='bbox 1398 3240 1452 3298; x_wconf 80' lang='lat' dir='ltr'><strong>prot</strong></span> <span class='ocrx_word' id='word_1_403' title='bbox 1475 3224 1563 3283; x_wconf 90' lang='lat' dir='ltr'><strong>oculis</strong></span> <span class='ocrx_word' id='word_1_404' title='bbox 1589 3239 1699 3295; x_wconf 88' lang='lat' dir='ltr'><strong>semper</strong></span> <span class='ocrx_word' id='word_1_405' title='bbox 1725 3224 1845 3293; x_wconf 80' lang='lat' dir='ltr'><strong>buliens,</strong></span> 
     </span>
     <span class='ocr_line' id='line_1_41' title="bbox 198 3305 1846 3391; baseline -0.001 -18"><span class='ocrx_word' id='word_1_406' title='bbox 198 3318 328 3388; x_wconf 89' lang='lat' dir='ltr'><strong>ponderis</strong></span> <span class='ocrx_word' id='word_1_407' title='bbox 341 3319 538 3388; x_wconf 80' lang='lat' dir='ltr'><strong>exscriptorum</strong></span> <span class='ocrx_word' id='word_1_408' title='bbox 549 3330 638 3375; x_wconf 87' lang='lat' dir='ltr'><strong>errata</strong></span> <span class='ocrx_word' id='word_1_409' title='bbox 656 3334 806 3390; x_wconf 85' lang='lat' dir='ltr'><strong>superare,</strong></span> <span class='ocrx_word' id='word_1_410' title='bbox 824 3323 925 3391; x_wconf 76' lang='lat' dir='ltr'><strong>aquinas</strong></span> <span class='ocrx_word' id='word_1_411' title='bbox 941 3333 996 3380; x_wconf 62' lang='lat' dir='ltr'><strong>aas.</strong></span> <span class='ocrx_word' id='word_1_412' title='bbox 1009 3305 1031 3364; x_wconf 85' lang='lat' dir='ltr'>C</span> <span class='ocrx_word' id='word_1_413' title='bbox 1050 3315 1138 3371; x_wconf 79' lang='lat' dir='ltr'><strong>lnrnes</strong></span> <span class='ocrx_word' id='word_1_414' title='bbox 1150 3317 1237 3384; x_wconf 85' lang='lat' dir='ltr'><strong>iosos,</strong></span> <span class='ocrx_word' id='word_1_415' title='bbox 1251 3315 1275 3370; x_wconf 90' lang='lat' dir='ltr'><strong>si</strong></span> <span class='ocrx_word' id='word_1_416' title='bbox 1287 3315 1430 3383; x_wconf 83' lang='lat' dir='ltr'><strong>darentur,</strong></span> <span class='ocrx_word' id='word_1_417' title='bbox 1441 3316 1528 3381; x_wconf 87' lang='lat' dir='ltr'><strong>edire,</strong></span> <span class='ocrx_word' id='word_1_418' title='bbox 1545 3327 1572 3373; x_wconf 90' lang='lat' dir='ltr'><strong>et</strong></span> <span class='ocrx_word' id='word_1_419' title='bbox 1584 3317 1749 3375; x_wconf 86' lang='lat' dir='ltr'><strong>uetustiores</strong></span> <span class='ocrx_word' id='word_1_420' title='bbox 1761 3319 1846 3374; x_wconf 90' lang='lat' dir='ltr'><strong>inter·</strong></span> 
     </span>
     <span class='ocr_line' id='line_1_42' title="bbox 199 3404 1927 3482; baseline 0.001 -17"><span class='ocrx_word' id='word_1_421' title='bbox 199 3411 237 3466; x_wconf 92' lang='lat' dir='ltr'><strong>tie</strong></span> <span class='ocrx_word' id='word_1_422' title='bbox 250 3425 360 3480; x_wconf 89' lang='lat' dir='ltr'><strong>qnoque</strong></span> <span class='ocrx_word' id='word_1_423' title='bbox 375 3425 455 3466; x_wconf 83' lang='lat' dir='ltr'><strong>nerse</strong></span> <span class='ocrx_word' id='word_1_424' title='bbox 468 3412 592 3468; x_wconf 86' lang='lat' dir='ltr'><strong>scatebat</strong></span> <span class='ocrx_word' id='word_1_425' title='bbox 602 3412 712 3479; x_wconf 83' lang='lat' dir='ltr'><strong>codex;</strong></span> <span class='ocrx_word' id='word_1_426' title='bbox 728 3429 845 3482; x_wconf 85' lang='lat' dir='ltr'><strong>querum</strong></span> <span class='ocrx_word' id='word_1_427' title='bbox 865 3416 996 3471; x_wconf 85' lang='lat' dir='ltr'><strong>uotrrtnlla</strong></span> <span class='ocrx_word' id='word_1_428' title='bbox 1048 3422 1146 3479; x_wconf 82' lang='lat' dir='ltr'><strong>rogare</strong></span> <span class='ocrx_word' id='word_1_429' title='bbox 1169 3407 1291 3473; x_wconf 79' lang='lat' dir='ltr'><strong>codices,</strong></span> <span class='ocrx_word' id='word_1_430' title='bbox 1312 3417 1338 3463; x_wconf 72' lang='lat'><strong>0¹</strong></span> <span class='ocrx_word' id='word_1_431' title='bbox 1359 3421 1449 3478; x_wconf 66' lang='lat' dir='ltr'><strong>nenne</strong></span> <span class='ocrx_word' id='word_1_432' title='bbox 1464 3407 1549 3474; x_wconf 76' lang='lat' dir='ltr'><strong>odiu.</strong></span> <span class='ocrx_word' id='word_1_433' title='bbox 1568 3423 1657 3479; x_wconf 74' lang='lat' dir='ltr'><strong>neone</strong></span> <span class='ocrx_word' id='word_1_434' title='bbox 1671 3424 1766 3467; x_wconf 89' lang='lat' dir='ltr'><strong>amore</strong></span> <span class='ocrx_word' id='word_1_435' title='bbox 1786 3425 1847 3467; x_wconf 87' lang='lat' dir='ltr'><strong>mo·</strong></span> <span class='ocrx_word' id='word_1_436' title='bbox 1925 3404 1927 3408; x_wconf 77' lang='grc'><strong>’</strong></span> 
     </span>
     <span class='ocr_line' id='line_1_43' title="bbox 197 3497 1845 3576; baseline 0.007 -16"><span class='ocrx_word' id='word_1_437' title='bbox 197 3504 364 3560; x_wconf 81' lang='lat' dir='ltr'><strong>senitentiam</strong></span> <span class='ocrx_word' id='word_1_438' title='bbox 378 3501 464 3572; x_wconf 81' lang='lat' dir='ltr'><strong>ipsam</strong></span> <span class='ocrx_word' id='word_1_439' title='bbox 485 3503 736 3575; x_wconf 83' lang='lat' dir='ltr'><strong>interrumpebant,</strong></span> <span class='ocrx_word' id='word_1_440' title='bbox 754 3514 997 3576; x_wconf 84' lang='lat' dir='ltr'><strong>uortnurnquamet</strong></span> <span class='ocrx_word' id='word_1_441' title='bbox 1048 3500 1117 3566; x_wconf 68' lang='lat' dir='ltr'><strong>leri·</strong></span> <span class='ocrx_word' id='word_1_442' title='bbox 1146 3511 1210 3571; x_wconf 64' lang='grc' dir='ltr'><strong>11110Ι</strong></span> <span class='ocrx_word' id='word_1_443' title='bbox 1226 3497 1333 3565; x_wconf 60' lang='lat' dir='ltr'><strong>filiiflii</strong></span> <span class='ocrx_word' id='word_1_444' title='bbox 1354 3499 1498 3555; x_wconf 60' lang='lat' dir='ltr'><strong>&#39;ellim</strong></span> <span class='ocrx_word' id='word_1_445' title='bbox 1526 3501 1633 3570; x_wconf 83' lang='lat' dir='ltr'><strong>assequi</strong></span> <span class='ocrx_word' id='word_1_446' title='bbox 1664 3515 1784 3571; x_wconf 62' lang='grc'><strong>10111111·</strong></span> <span class='ocrx_word' id='word_1_447' title='bbox 1815 3502 1845 3560; x_wconf 84' lang='grc' dir='ltr'><strong>Ι11</strong></span> 
     </span>
     <span class='ocr_line' id='line_1_44' title="bbox 196 3589 1847 3667; baseline -0.001 -15"><span class='ocrx_word' id='word_1_448' title='bbox 196 3599 422 3664; x_wconf 87' lang='lat' dir='ltr'><strong>corrumpebant.</strong></span> <span class='ocrx_word' id='word_1_449' title='bbox 452 3595 643 3653; x_wconf 74' lang='lat' dir='ltr'><strong>cumularem</strong></span> <span class='ocrx_word' id='word_1_450' title='bbox 673 3589 928 3667; x_wconf 80' lang='lat' dir='ltr'><strong>transmutationes,</strong></span> <span class='ocrx_word' id='word_1_451' title='bbox 947 3598 998 3655; x_wconf 91' lang='lat' dir='ltr'><strong>du·</strong></span> <span class='ocrx_word' id='word_1_452' title='bbox 1048 3589 1295 3662; x_wconf 71' lang='lat' dir='ltr'><strong>linearia-tetiam</strong></span> <span class='ocrx_word' id='word_1_453' title='bbox 1307 3589 1462 3649; x_wconf 64' lang='grc'><strong>3111111111</strong></span> <span class='ocrx_word' id='word_1_454' title='bbox 1477 3590 1671 3657; x_wconf 73' lang='lat' dir='ltr'><strong>bibliothecam</strong></span> <span class='ocrx_word' id='word_1_455' title='bbox 1691 3592 1776 3664; x_wconf 89' lang='lat' dir='ltr'><strong>adiri,</strong></span> <span class='ocrx_word' id='word_1_456' title='bbox 1791 3593 1847 3651; x_wconf 81' lang='lat' dir='ltr'><strong>To-</strong></span> 
     </span>
     <span class='ocr_line' id='line_1_45' title="bbox 198 3681 1844 3763; baseline 0.004 -18"><span class='ocrx_word' id='word_1_457' title='bbox 198 3690 371 3761; x_wconf 70' lang='lat' dir='ltr'><strong>uacationes,</strong></span> <span class='ocrx_word' id='word_1_458' title='bbox 384 3688 599 3759; x_wconf 74' lang='lat' dir='ltr'><strong>decertationes,</strong></span> <span class='ocrx_word' id='word_1_459' title='bbox 612 3691 886 3761; x_wconf 75' lang='lat' dir='ltr'><strong>attaminarentur</strong></span> <span class='ocrx_word' id='word_1_460' title='bbox 898 3692 997 3763; x_wconf 82' lang='lat' dir='ltr'><strong>quinne</strong></span> <span class='ocrx_word' id='word_1_461' title='bbox 1048 3683 1168 3742; x_wconf 78' lang='lat' dir='ltr'><strong>tonnam</strong></span> <span class='ocrx_word' id='word_1_462' title='bbox 1185 3681 1289 3747; x_wconf 26' lang='lat' dir='ltr'><strong>,aetate</strong></span> <span class='ocrx_word' id='word_1_463' title='bbox 1310 3681 1421 3741; x_wconf 85' lang='lat' dir='ltr'><strong>sarrae</strong></span> <span class='ocrx_word' id='word_1_464' title='bbox 1435 3681 1563 3740; x_wconf 75' lang='lat' dir='ltr'><strong>erinacis</strong></span> <span class='ocrx_word' id='word_1_465' title='bbox 1587 3684 1734 3751; x_wconf 73' lang='lat' dir='ltr'><strong>aeclesia,</strong></span> <span class='ocrx_word' id='word_1_466' title='bbox 1749 3701 1844 3744; x_wconf 74' lang='lat' dir='ltr'><strong>eene</strong></span> 
     </span>
     <span class='ocr_line' id='line_1_46' title="bbox 173 3775 1845 3852; baseline -0.001 -16"><span class='ocrx_word' id='word_1_467' title='bbox 173 3775 273 3837; x_wconf 52' lang='lat' dir='ltr'><strong>*atrilii</strong></span> <span class='ocrx_word' id='word_1_468' title='bbox 287 3781 368 3849; x_wconf 71' lang='lat' dir='ltr'><strong>morde</strong></span> <span class='ocrx_word' id='word_1_469' title='bbox 382 3781 530 3850; x_wconf 87' lang='lat' dir='ltr'><strong>quedelim</strong></span> <span class='ocrx_word' id='word_1_470' title='bbox 546 3781 578 3835; x_wconf 86' lang='lat' dir='ltr'><strong>ll.</strong></span> <span class='ocrx_word' id='word_1_471' title='bbox 596 3779 929 3852; x_wconf 81' lang='lat' dir='ltr'><strong>llierooymeclrrenicon</strong></span> <span class='ocrx_word' id='word_1_472' title='bbox 944 3783 997 3841; x_wconf 83' lang='lat' dir='ltr'><strong>Eu·</strong></span> <span class='ocrx_word' id='word_1_473' title='bbox 1046 3776 1160 3841; x_wconf 76' lang='lat' dir='ltr'><strong>bierunt</strong></span> <span class='ocrx_word' id='word_1_474' title='bbox 1177 3789 1244 3841; x_wconf 86' lang='lat' dir='ltr'><strong>rere</strong></span> <span class='ocrx_word' id='word_1_475' title='bbox 1267 3775 1438 3831; x_wconf 79' lang='lat' dir='ltr'><strong>diuersorum</strong></span> <span class='ocrx_word' id='word_1_476' title='bbox 1464 3775 1518 3833; x_wconf 84' lang='lat' dir='ltr'><strong>mei</strong></span> <span class='ocrx_word' id='word_1_477' title='bbox 1532 3776 1638 3834; x_wconf 88' lang='lat' dir='ltr'><strong>ordinis</strong></span> <span class='ocrx_word' id='word_1_478' title='bbox 1652 3777 1769 3845; x_wconf 88' lang='lat' dir='ltr'><strong>meltas;</strong></span> <span class='ocrx_word' id='word_1_479' title='bbox 1789 3777 1845 3836; x_wconf 86' lang='lat' dir='ltr'><strong>Nu·</strong></span> 
     </span>
     <span class='ocr_line' id='line_1_47' title="bbox 199 3868 1845 3944; baseline -0.002 -14"><span class='ocrx_word' id='word_1_480' title='bbox 199 3876 289 3940; x_wconf 82' lang='lat' dir='ltr'><strong>aebli,</strong></span> <span class='ocrx_word' id='word_1_481' title='bbox 303 3891 336 3930; x_wconf 83' lang='lat' dir='ltr'><strong>eo</strong></span> <span class='ocrx_word' id='word_1_482' title='bbox 352 3874 485 3944; x_wconf 86' lang='lat' dir='ltr'><strong>temperis</strong></span> <span class='ocrx_word' id='word_1_483' title='bbox 507 3875 594 3931; x_wconf 90' lang='lat' dir='ltr'><strong>multo</strong></span> <span class='ocrx_word' id='word_1_484' title='bbox 614 3875 762 3939; x_wconf 84' lang='lat' dir='ltr'><strong>recentius,</strong></span> <span class='ocrx_word' id='word_1_485' title='bbox 781 3889 863 3944; x_wconf 92' lang='lat' dir='ltr'><strong>quam</strong></span> <span class='ocrx_word' id='word_1_486' title='bbox 878 3890 949 3931; x_wconf 84' lang='lat' dir='ltr'><strong>niuno</strong></span> <span class='ocrx_word' id='word_1_487' title='bbox 961 3875 999 3931; x_wconf 90' lang='lat' dir='ltr'><strong>sit</strong></span> <span class='ocrx_word' id='word_1_488' title='bbox 1047 3872 1189 3927; x_wconf 81' lang='lat' dir='ltr'><strong>calensem</strong></span> <span class='ocrx_word' id='word_1_489' title='bbox 1208 3870 1354 3940; x_wconf 81' lang='lat' dir='ltr'><strong>praecipue,</strong></span> <span class='ocrx_word' id='word_1_490' title='bbox 1376 3868 1549 3936; x_wconf 78' lang='lat' dir='ltr'><strong>Telemuam,</strong></span> <span class='ocrx_word' id='word_1_491' title='bbox 1565 3868 1704 3942; x_wconf 84' lang='lat' dir='ltr'><strong>Spiueam,</strong></span> <span class='ocrx_word' id='word_1_492' title='bbox 1725 3871 1845 3928; x_wconf 89' lang='lat' dir='ltr'><strong>llerten·</strong></span> 
     </span>
     <span class='ocr_line' id='line_1_48' title="bbox 202 3960 1920 4036; baseline -0.003 -13"><span class='ocrx_word' id='word_1_493' title='bbox 202 3968 297 4024; x_wconf 79' lang='lat' dir='ltr'><strong>Dextri</strong></span> <span class='ocrx_word' id='word_1_494' title='bbox 319 3968 472 4036; x_wconf 87' lang='lat' dir='ltr'><strong>ctelueoti,</strong></span> <span class='ocrx_word' id='word_1_495' title='bbox 501 3977 529 4021; x_wconf 93' lang='lat' dir='ltr'><strong>ot</strong></span> <span class='ocrx_word' id='word_1_496' title='bbox 555 3966 702 4022; x_wconf 83' lang='lat' dir='ltr'><strong>Latinitate</strong></span> <span class='ocrx_word' id='word_1_497' title='bbox 719 3963 843 4032; x_wconf 87' lang='lat' dir='ltr'><strong>donaret,</strong></span> <span class='ocrx_word' id='word_1_498' title='bbox 865 3966 998 4022; x_wconf 69' lang='lat' dir='ltr'><strong>accidisse</strong></span> <span class='ocrx_word' id='word_1_499' title='bbox 1047 3978 1117 4033; x_wconf 84' lang='lat' dir='ltr'><strong>aem,</strong></span> <span class='ocrx_word' id='word_1_500' title='bbox 1142 3962 1359 4031; x_wconf 75' lang='lat' dir='ltr'><strong>salutaminam,</strong></span> <span class='ocrx_word' id='word_1_501' title='bbox 1385 3960 1619 4032; x_wconf 82' lang='lat' dir='ltr'><strong>Cennpluteusem,</strong></span> <span class='ocrx_word' id='word_1_502' title='bbox 1635 3972 1663 4018; x_wconf 91' lang='lat' dir='ltr'><strong>et</strong></span> <span class='ocrx_word' id='word_1_503' title='bbox 1685 3962 1767 4032; x_wconf 88' lang='lat' dir='ltr'><strong>alias,</strong></span> <span class='ocrx_word' id='word_1_504' title='bbox 1785 3978 1846 4033; x_wconf 81' lang='lat' dir='ltr'><strong>quae</strong></span> <span class='ocrx_word' id='word_1_505' title='bbox 1918 4028 1920 4032; x_wconf 11' lang='grc' dir='ltr'><em>Α</em></span> 
     </span>
     <span class='ocr_line' id='line_1_49' title="bbox 200 4051 1844 4132; baseline -0.005 -15"><span class='ocrx_word' id='word_1_506' title='bbox 200 4061 350 4132; x_wconf 81' lang='lat' dir='ltr'><strong>eernperin,</strong></span> <span class='ocrx_word' id='word_1_507' title='bbox 363 4061 399 4116; x_wconf 88' lang='lat' dir='ltr'><strong>ita</strong></span> <span class='ocrx_word' id='word_1_508' title='bbox 413 4071 440 4116; x_wconf 90' lang='lat' dir='ltr'><strong>ut</strong></span> <span class='ocrx_word' id='word_1_509' title='bbox 451 4076 513 4119; x_wconf 86' lang='lat' dir='ltr'><strong>cum</strong></span> <span class='ocrx_word' id='word_1_510' title='bbox 526 4075 560 4115; x_wconf 92' lang='lat' dir='ltr'><strong>eo</strong></span> <span class='ocrx_word' id='word_1_511' title='bbox 575 4060 677 4130; x_wconf 86' lang='lat' dir='ltr'><strong>possim</strong></span> <span class='ocrx_word' id='word_1_512' title='bbox 698 4059 809 4114; x_wconf 88' lang='lat' dir='ltr'><strong>dicere:</strong></span> <span class='ocrx_word' id='word_1_513' title='bbox 822 4058 865 4113; x_wconf 81' lang='lat' dir='ltr'><strong>Ad</strong></span> <span class='ocrx_word' id='word_1_514' title='bbox 880 4075 996 4113; x_wconf 83' lang='lat' dir='ltr'><strong>comnia·</strong></span> <span class='ocrx_word' id='word_1_515' title='bbox 1047 4065 1204 4113; x_wconf 83' lang='lat' dir='ltr'><strong>sanctorum</strong></span> <span class='ocrx_word' id='word_1_516' title='bbox 1221 4053 1402 4124; x_wconf 88' lang='lat' dir='ltr'><strong>liispanorum</strong></span> <span class='ocrx_word' id='word_1_517' title='bbox 1417 4063 1477 4109; x_wconf 86' lang='lat' dir='ltr'><strong>acte</strong></span> <span class='ocrx_word' id='word_1_518' title='bbox 1499 4053 1525 4108; x_wconf 91' lang='lat' dir='ltr'><strong>io</strong></span> <span class='ocrx_word' id='word_1_519' title='bbox 1550 4053 1637 4109; x_wconf 86' lang='lat' dir='ltr'><strong>uariis</strong></span> <span class='ocrx_word' id='word_1_520' title='bbox 1651 4051 1844 4126; x_wconf 89' lang='lat' dir='ltr'><strong>manuscriptis</strong></span> 
     </span>
     <span class='ocr_line' id='line_1_50' title="bbox 200 4144 1842 4224; baseline -0.001 -19"><span class='ocrx_word' id='word_1_521' title='bbox 200 4168 260 4205; x_wconf 83' lang='lat' dir='ltr'><strong>nrm</strong></span> <span class='ocrx_word' id='word_1_522' title='bbox 283 4151 569 4223; x_wconf 70' lang='lat' dir='ltr'><strong>difficultatemqanm</strong></span> <span class='ocrx_word' id='word_1_523' title='bbox 587 4152 615 4204; x_wconf 91' lang='lat' dir='ltr'><strong>in</strong></span> <span class='ocrx_word' id='word_1_524' title='bbox 630 4152 701 4204; x_wconf 82' lang='lat' dir='ltr'><strong>omiti</strong></span> <span class='ocrx_word' id='word_1_525' title='bbox 715 4150 928 4224; x_wconf 80' lang='lat' dir='ltr'><strong>interpretatione</strong></span> <span class='ocrx_word' id='word_1_526' title='bbox 944 4150 997 4224; x_wconf 87' lang='lat' dir='ltr'><strong>(di-</strong></span> <span class='ocrx_word' id='word_1_527' title='bbox 1048 4150 1247 4217; x_wconf 82' lang='lat' dir='ltr'><strong>ministrarunt.</strong></span> <span class='ocrx_word' id='word_1_528' title='bbox 1283 4144 1385 4203; x_wconf 86' lang='lat' dir='ltr'><strong>blarriti</strong></span> <span class='ocrx_word' id='word_1_529' title='bbox 1419 4145 1624 4205; x_wconf 76' lang='lat' dir='ltr'><strong>breviariorum</strong></span> <span class='ocrx_word' id='word_1_530' title='bbox 1647 4148 1842 4219; x_wconf 83' lang='lat' dir='ltr'><strong>antiquorum,</strong></span> 
     </span>
     <span class='ocr_line' id='line_1_51' title="bbox 198 4237 1843 4319; baseline -0.004 -16"><span class='ocrx_word' id='word_1_531' title='bbox 198 4261 259 4303; x_wconf 84' lang='lat' dir='ltr'><strong>carn</strong></span> <span class='ocrx_word' id='word_1_532' title='bbox 273 4262 324 4319; x_wconf 84' lang='lat' dir='ltr'><strong>ego</strong></span> <span class='ocrx_word' id='word_1_533' title='bbox 340 4243 524 4317; x_wconf 72' lang='lat' dir='ltr'><strong>expositione)</strong></span> <span class='ocrx_word' id='word_1_534' title='bbox 544 4245 645 4300; x_wconf 82' lang='lat' dir='ltr'><strong>rnnrnu</strong></span> <span class='ocrx_word' id='word_1_535' title='bbox 662 4260 768 4313; x_wconf 79' lang='lat' dir='ltr'><strong>eamne,</strong></span> <span class='ocrx_word' id='word_1_536' title='bbox 783 4244 834 4300; x_wconf 81' lang='lat' dir='ltr'><strong>bec</strong></span> <span class='ocrx_word' id='word_1_537' title='bbox 847 4245 922 4300; x_wconf 82' lang='lat' dir='ltr'><strong>nebia</strong></span> <span class='ocrx_word' id='word_1_538' title='bbox 937 4262 996 4315; x_wconf 83' lang='lat' dir='ltr'><strong>pre·</strong></span> <span class='ocrx_word' id='word_1_539' title='bbox 1047 4257 1109 4314; x_wconf 79' lang='lat' dir='ltr'><strong>quar</strong></span> <span class='ocrx_word' id='word_1_540' title='bbox 1123 4241 1188 4297; x_wconf 91' lang='lat' dir='ltr'><strong>olim</strong></span> <span class='ocrx_word' id='word_1_541' title='bbox 1206 4241 1233 4296; x_wconf 91' lang='lat' dir='ltr'><strong>in</strong></span> <span class='ocrx_word' id='word_1_542' title='bbox 1249 4238 1367 4297; x_wconf 78' lang='lat' dir='ltr'><strong>dirersis</strong></span> <span class='ocrx_word' id='word_1_543' title='bbox 1377 4237 1508 4299; x_wconf 71' lang='lat' dir='ltr'><strong>nolentis</strong></span> <span class='ocrx_word' id='word_1_544' title='bbox 1518 4249 1597 4298; x_wconf 86' lang='lat' dir='ltr'><strong>erant</strong></span> <span class='ocrx_word' id='word_1_545' title='bbox 1610 4241 1636 4295; x_wconf 92' lang='lat' dir='ltr'><strong>in</strong></span> <span class='ocrx_word' id='word_1_546' title='bbox 1653 4255 1715 4308; x_wconf 90' lang='lat' dir='ltr'><strong>usu,</strong></span> <span class='ocrx_word' id='word_1_547' title='bbox 1733 4255 1843 4312; x_wconf 90' lang='lat' dir='ltr'><strong>prosua</strong></span> 
     </span>
     <span class='ocr_line' id='line_1_52' title="bbox 199 4333 1842 4409; baseline -0.001 -16"><span class='ocrx_word' id='word_1_548' title='bbox 199 4341 289 4409; x_wconf 81' lang='lat' dir='ltr'><strong>priore</strong></span> <span class='ocrx_word' id='word_1_549' title='bbox 310 4339 432 4392; x_wconf 83' lang='lat' dir='ltr'><strong>recedit:</strong></span> <span class='ocrx_word' id='word_1_550' title='bbox 451 4340 520 4407; x_wconf 88' lang='lat' dir='ltr'><strong>qnod</strong></span> <span class='ocrx_word' id='word_1_551' title='bbox 545 4338 655 4392; x_wconf 78' lang='lat' dir='ltr'><strong>lanterio</strong></span> <span class='ocrx_word' id='word_1_552' title='bbox 667 4335 806 4407; x_wconf 79' lang='lat' dir='ltr'><strong>multiplea</strong></span> <span class='ocrx_word' id='word_1_553' title='bbox 823 4346 878 4399; x_wconf 86' lang='lat' dir='ltr'><strong>ert.</strong></span> <span class='ocrx_word' id='word_1_554' title='bbox 901 4335 998 4392; x_wconf 81' lang='lat' dir='ltr'><strong>babent</strong></span> <span class='ocrx_word' id='word_1_555' title='bbox 1047 4337 1076 4395; x_wconf 85' lang='lat' dir='ltr'><strong>in</strong></span> <span class='ocrx_word' id='word_1_556' title='bbox 1103 4350 1147 4392; x_wconf 86' lang='lat' dir='ltr'><strong>nte</strong></span> <span class='ocrx_word' id='word_1_557' title='bbox 1173 4335 1364 4391; x_wconf 68' lang='lat' dir='ltr'><strong>maculantia</strong></span> <span class='ocrx_word' id='word_1_558' title='bbox 1388 4336 1494 4404; x_wconf 85' lang='lat' dir='ltr'><strong>copiam</strong></span> <span class='ocrx_word' id='word_1_559' title='bbox 1519 4333 1582 4391; x_wconf 89' lang='lat' dir='ltr'><strong>lecit</strong></span> <span class='ocrx_word' id='word_1_560' title='bbox 1604 4334 1719 4392; x_wconf 87' lang='lat' dir='ltr'><strong>illustris</strong></span> <span class='ocrx_word' id='word_1_561' title='bbox 1733 4334 1842 4393; x_wconf 89' lang='lat' dir='ltr'><strong>admod.</strong></span> 
     </span>
     <span class='ocr_line' id='line_1_53' title="bbox 200 4425 1844 4502; baseline 0.001 -17"><span class='ocrx_word' id='word_1_562' title='bbox 200 4431 315 4485; x_wconf 83' lang='lat' dir='ltr'><strong>barbaro</strong></span> <span class='ocrx_word' id='word_1_563' title='bbox 325 4430 649 4502; x_wconf 81' lang='lat' dir='ltr'><strong>neminn,renincepnites,</strong></span> <span class='ocrx_word' id='word_1_564' title='bbox 664 4430 995 4501; x_wconf 76' lang='lat' dir='ltr'><strong>eremmoeineaplieoiilcn,</strong></span> <span class='ocrx_word' id='word_1_565' title='bbox 1048 4430 1176 4497; x_wconf 82' lang='lat' dir='ltr'><strong>magister</strong></span> <span class='ocrx_word' id='word_1_566' title='bbox 1191 4427 1301 4498; x_wconf 78' lang='lat' dir='ltr'><strong>Epidius</strong></span> <span class='ocrx_word' id='word_1_567' title='bbox 1320 4425 1478 4485; x_wconf 84' lang='lat' dir='ltr'><strong>Gundisalri</strong></span> <span class='ocrx_word' id='word_1_568' title='bbox 1503 4426 1597 4483; x_wconf 79' lang='lat' dir='ltr'><strong>barile</strong></span> <span class='ocrx_word' id='word_1_569' title='bbox 1612 4429 1701 4498; x_wconf 86' lang='lat' dir='ltr'><strong>regius</strong></span> <span class='ocrx_word' id='word_1_570' title='bbox 1717 4426 1844 4487; x_wconf 83' lang='lat' dir='ltr'><strong>castelle</strong></span> 
     </span>
     <span class='ocr_line' id='line_1_54' title="bbox 199 4517 1843 4596; baseline 0 -19"><span class='ocrx_word' id='word_1_571' title='bbox 199 4523 316 4592; x_wconf 80' lang='lat' dir='ltr'><strong>eirqnlns</strong></span> <span class='ocrx_word' id='word_1_572' title='bbox 331 4522 408 4575; x_wconf 82' lang='lat' dir='ltr'><strong>rebor</strong></span> <span class='ocrx_word' id='word_1_573' title='bbox 423 4520 520 4588; x_wconf 85' lang='lat' dir='ltr'><strong>pariter</strong></span> <span class='ocrx_word' id='word_1_574' title='bbox 531 4537 561 4573; x_wconf 87' lang='lat' dir='ltr'><strong>oc</strong></span> <span class='ocrx_word' id='word_1_575' title='bbox 573 4525 685 4578; x_wconf 80' lang='lat' dir='ltr'><strong>narreris</strong></span> <span class='ocrx_word' id='word_1_576' title='bbox 698 4526 850 4580; x_wconf 77' lang='lat' dir='ltr'><strong>intertrator</strong></span> <span class='ocrx_word' id='word_1_577' title='bbox 859 4541 869 4591; x_wconf 95' lang='lat'><strong>,·</strong></span> <span class='ocrx_word' id='word_1_578' title='bbox 886 4535 914 4579; x_wconf 83' lang='lat' dir='ltr'><strong>att</strong></span> <span class='ocrx_word' id='word_1_579' title='bbox 934 4540 998 4596; x_wconf 84' lang='lat' dir='ltr'><strong>perte</strong></span> <span class='ocrx_word' id='word_1_580' title='bbox 1049 4519 1294 4590; x_wconf 82' lang='lat' dir='ltr'><strong>laisttniograpbus,</strong></span> <span class='ocrx_word' id='word_1_581' title='bbox 1307 4519 1459 4589; x_wconf 80' lang='lat' dir='ltr'><strong>prasertim</strong></span> <span class='ocrx_word' id='word_1_582' title='bbox 1474 4517 1646 4585; x_wconf 84' lang='lat' dir='ltr'><strong>Salnrantini,</strong></span> <span class='ocrx_word' id='word_1_583' title='bbox 1661 4518 1843 4589; x_wconf 83' lang='lat' dir='ltr'><strong>Cenabensis,</strong></span> 
     </span>
     <span class='ocr_line' id='line_1_55' title="bbox 200 4609 1846 4688; baseline 0.001 -20"><span class='ocrx_word' id='word_1_584' title='bbox 200 4611 490 4685; x_wconf 73' lang='lat' dir='ltr'><strong>diffieitinaaitleqendi</strong></span> <span class='ocrx_word' id='word_1_585' title='bbox 504 4609 737 4684; x_wconf 62' lang='lat' dir='ltr'><strong>ordineordme,</strong></span> <span class='ocrx_word' id='word_1_586' title='bbox 755 4632 832 4688; x_wconf 86' lang='lat' dir='ltr'><strong>quem</strong></span> <span class='ocrx_word' id='word_1_587' title='bbox 851 4615 885 4670; x_wconf 88' lang='lat' dir='ltr'><strong>od</strong></span> <span class='ocrx_word' id='word_1_588' title='bbox 905 4615 996 4670; x_wconf 70' lang='lat' dir='ltr'><strong>lertio</strong></span> <span class='ocrx_word' id='word_1_589' title='bbox 1050 4613 1205 4679; x_wconf 87' lang='lat' dir='ltr'><strong>Paleotiul,</strong></span> <span class='ocrx_word' id='word_1_590' title='bbox 1219 4611 1416 4679; x_wconf 80' lang='lat' dir='ltr'><strong>dstrtriceosis,</strong></span> <span class='ocrx_word' id='word_1_591' title='bbox 1442 4622 1469 4667; x_wconf 89' lang='lat' dir='ltr'><strong>et</strong></span> <span class='ocrx_word' id='word_1_592' title='bbox 1485 4611 1608 4668; x_wconf 85' lang='lat' dir='ltr'><strong>Toletani</strong></span> <span class='ocrx_word' id='word_1_593' title='bbox 1628 4613 1776 4669; x_wconf 88' lang='lat' dir='ltr'><strong>secundnm</strong></span> <span class='ocrx_word' id='word_1_594' title='bbox 1791 4613 1846 4671; x_wconf 84' lang='lat' dir='ltr'><strong>llo·</strong></span> 
     </span>
     <span class='ocr_line' id='line_1_56' title="bbox 202 4677 1846 4781; baseline -0.003 -17"><span class='ocrx_word' id='word_1_595' title='bbox 202 4710 244 4764; x_wconf 84' lang='lat' dir='ltr'><strong>nis</strong></span> <span class='ocrx_word' id='word_1_596' title='bbox 259 4708 377 4765; x_wconf 81' lang='lat' dir='ltr'><strong>rtetttiern</strong></span> <span class='ocrx_word' id='word_1_597' title='bbox 391 4705 533 4775; x_wconf 78' lang='lat' dir='ltr'><strong>peruenire.</strong></span> <span class='ocrx_word' id='word_1_598' title='bbox 547 4703 577 4759; x_wconf 81' lang='lat' dir='ltr'><strong>d·</strong></span> <span class='ocrx_word' id='word_1_599' title='bbox 591 4703 762 4769; x_wconf 80' lang='lat' dir='ltr'><strong>Accedebant</strong></span> <span class='ocrx_word' id='word_1_600' title='bbox 775 4709 894 4781; x_wconf 92' lang='lat' dir='ltr'><strong>denique</strong></span> <span class='ocrx_word' id='word_1_601' title='bbox 907 4707 998 4764; x_wconf 84' lang='lat' dir='ltr'><strong>direr-</strong></span> <span class='ocrx_word' id='word_1_602' title='bbox 1010 4677 1037 4739; x_wconf 76' lang='grc' dir='ltr'><strong>Ῑ)</strong></span> <span class='ocrx_word' id='word_1_603' title='bbox 1051 4720 1156 4770; x_wconf 74' lang='lat' dir='ltr'><strong>torturam</strong></span> <span class='ocrx_word' id='word_1_604' title='bbox 1169 4704 1396 4760; x_wconf 87' lang='lat' dir='ltr'><strong>consuetudinem</strong></span> <span class='ocrx_word' id='word_1_605' title='bbox 1423 4719 1439 4758; x_wconf 92' lang='lat' dir='ltr'><strong>a</strong></span> <span class='ocrx_word' id='word_1_606' title='bbox 1463 4703 1572 4760; x_wconf 76' lang='lat' dir='ltr'><strong>Silicaee</strong></span> <span class='ocrx_word' id='word_1_607' title='bbox 1586 4703 1726 4760; x_wconf 84' lang='lat' dir='ltr'><strong>cardinale</strong></span> <span class='ocrx_word' id='word_1_608' title='bbox 1750 4703 1846 4761; x_wconf 80' lang='lat' dir='ltr'><strong>excusi</strong></span> 
     </span>
     <span class='ocr_line' id='line_1_57' title="bbox 201 4794 1846 4872; baseline -0.001 -16"><span class='ocrx_word' id='word_1_609' title='bbox 201 4817 294 4856; x_wconf 85' lang='lat' dir='ltr'><strong>serum</strong></span> <span class='ocrx_word' id='word_1_610' title='bbox 312 4800 452 4855; x_wconf 89' lang='lat' dir='ltr'><strong>bominum</strong></span> <span class='ocrx_word' id='word_1_611' title='bbox 468 4797 503 4853; x_wconf 87' lang='lat' dir='ltr'><strong>de</strong></span> <span class='ocrx_word' id='word_1_612' title='bbox 526 4795 710 4868; x_wconf 84' lang='lat' dir='ltr'><strong>germanitate</strong></span> <span class='ocrx_word' id='word_1_613' title='bbox 728 4801 807 4869; x_wconf 78' lang='lat' dir='ltr'><strong>buius</strong></span> <span class='ocrx_word' id='word_1_614' title='bbox 819 4802 911 4872; x_wconf 85' lang='lat' dir='ltr'><strong>operis</strong></span> <span class='ocrx_word' id='word_1_615' title='bbox 922 4799 997 4856; x_wconf 75' lang='lat' dir='ltr'><strong>name</strong></span> <span class='ocrx_word' id='word_1_616' title='bbox 1048 4801 1126 4868; x_wconf 81' lang='lat' dir='ltr'><strong>(imm</strong></span> <span class='ocrx_word' id='word_1_617' title='bbox 1143 4797 1277 4853; x_wconf 76' lang='lat' dir='ltr'><strong>uetustius</strong></span> <span class='ocrx_word' id='word_1_618' title='bbox 1300 4795 1449 4851; x_wconf 89' lang='lat' dir='ltr'><strong>secuudum</strong></span> <span class='ocrx_word' id='word_1_619' title='bbox 1471 4795 1596 4851; x_wconf 88' lang='lat' dir='ltr'><strong>ordinem</strong></span> <span class='ocrx_word' id='word_1_620' title='bbox 1610 4795 1639 4850; x_wconf 83' lang='lat' dir='ltr'><strong>S.</strong></span> <span class='ocrx_word' id='word_1_621' title='bbox 1661 4794 1769 4862; x_wconf 86' lang='lat' dir='ltr'><strong>isidori,</strong></span> <span class='ocrx_word' id='word_1_622' title='bbox 1785 4794 1846 4855; x_wconf 76' lang='lat' dir='ltr'><strong>iio·</strong></span> 
     </span>
    </p>
   </div>
   <div class='ocr_carea' id='block_1_6' title="bbox 201 4888 1006 5978">
    <p class='ocr_par' dir='ltr' id='par_1_7' title="bbox 201 4888 1006 5978">
     <span class='ocr_line' id='line_1_58' title="bbox 202 4888 997 4964; baseline 0.003 -17"><span class='ocrx_word' id='word_1_623' title='bbox 202 4890 377 4950; x_wconf 83' lang='lat' dir='ltr'><strong>sentientium</strong></span> <span class='ocrx_word' id='word_1_624' title='bbox 404 4889 520 4945; x_wconf 73' lang='lat' dir='ltr'><strong>adversa</strong></span> <span class='ocrx_word' id='word_1_625' title='bbox 543 4888 659 4958; x_wconf 79' lang='lat' dir='ltr'><strong>judicia,</strong></span> <span class='ocrx_word' id='word_1_626' title='bbox 674 4902 735 4943; x_wconf 87' lang='lat' dir='ltr'><strong>cum</strong></span> <span class='ocrx_word' id='word_1_627' title='bbox 752 4904 805 4944; x_wconf 88' lang='lat' dir='ltr'><strong>noa</strong></span> <span class='ocrx_word' id='word_1_628' title='bbox 820 4907 914 4949; x_wconf 84' lang='lat' dir='ltr'><strong>otttnee</strong></span> <span class='ocrx_word' id='word_1_629' title='bbox 936 4907 997 4964; x_wconf 75' lang='lat' dir='ltr'><strong>get·</strong></span> 
     </span>
     <span class='ocr_line' id='line_1_59' title="bbox 202 4980 995 5053; baseline 0.004 -13"><span class='ocrx_word' id='word_1_630' title='bbox 202 4999 312 5040; x_wconf 85' lang='lat' dir='ltr'><strong>manum</strong></span> <span class='ocrx_word' id='word_1_631' title='bbox 333 4981 418 5038; x_wconf 89' lang='lat' dir='ltr'><strong>letum</strong></span> <span class='ocrx_word' id='word_1_632' title='bbox 444 4981 589 5037; x_wconf 88' lang='lat' dir='ltr'><strong>crederent</strong></span> <span class='ocrx_word' id='word_1_633' title='bbox 608 4980 723 5050; x_wconf 80' lang='lat' dir='ltr'><strong>ilextri,</strong></span> <span class='ocrx_word' id='word_1_634' title='bbox 749 4981 797 5038; x_wconf 88' lang='lat' dir='ltr'><strong>sed</strong></span> <span class='ocrx_word' id='word_1_635' title='bbox 813 4988 995 5053; x_wconf 68' lang='lat' dir='ltr'><strong>suppositum</strong></span> 
     </span>
     <span class='ocr_line' id='line_1_60' title="bbox 201 5073 994 5146; baseline 0.004 -15"><span class='ocrx_word' id='word_1_636' title='bbox 201 5077 262 5132; x_wconf 83' lang='lat' dir='ltr'><strong>site</strong></span> <span class='ocrx_word' id='word_1_637' title='bbox 277 5075 433 5146; x_wconf 88' lang='lat' dir='ltr'><strong>ingratiam</strong></span> <span class='ocrx_word' id='word_1_638' title='bbox 458 5074 638 5129; x_wconf 84' lang='lat' dir='ltr'><strong>immaculatae</strong></span> <span class='ocrx_word' id='word_1_639' title='bbox 655 5074 843 5146; x_wconf 81' lang='lat' dir='ltr'><strong>conceptionis</strong></span> <span class='ocrx_word' id='word_1_640' title='bbox 858 5073 994 5144; x_wconf 84' lang='lat' dir='ltr'><strong>Deiparae,</strong></span> 
     </span>
     <span class='ocr_line' id='line_1_61' title="bbox 201 5165 995 5240; baseline 0 -17"><span class='ocrx_word' id='word_1_641' title='bbox 201 5166 275 5240; x_wconf 91' lang='lat' dir='ltr'><strong>quud</strong></span> <span class='ocrx_word' id='word_1_642' title='bbox 301 5165 446 5237; x_wconf 89' lang='lat' dir='ltr'><strong>aliqnando</strong></span> <span class='ocrx_word' id='word_1_643' title='bbox 469 5167 593 5222; x_wconf 88' lang='lat' dir='ltr'><strong>nonniltil</strong></span> <span class='ocrx_word' id='word_1_644' title='bbox 619 5165 655 5223; x_wconf 89' lang='lat' dir='ltr'><strong>de</strong></span> <span class='ocrx_word' id='word_1_645' title='bbox 674 5183 706 5226; x_wconf 86' lang='lat' dir='ltr'><strong>ca</strong></span> <span class='ocrx_word' id='word_1_646' title='bbox 733 5167 827 5224; x_wconf 90' lang='lat' dir='ltr'><strong>dicere</strong></span> <span class='ocrx_word' id='word_1_647' title='bbox 852 5168 995 5229; x_wconf 70' lang='lat' dir='ltr'><strong>credulum</strong></span> 
     </span>
     <span class='ocr_line' id='line_1_62' title="bbox 202 5257 994 5333; baseline 0.003 -20"><span class='ocrx_word' id='word_1_648' title='bbox 202 5264 260 5314; x_wconf 83' lang='lat' dir='ltr'><strong>sire</strong></span> <span class='ocrx_word' id='word_1_649' title='bbox 275 5273 326 5327; x_wconf 90' lang='lat' dir='ltr'><strong>pre</strong></span> <span class='ocrx_word' id='word_1_650' title='bbox 339 5257 472 5315; x_wconf 78' lang='lat' dir='ltr'><strong>elevanda</strong></span> <span class='ocrx_word' id='word_1_651' title='bbox 487 5257 592 5314; x_wconf 89' lang='lat' dir='ltr'><strong>ordinis</strong></span> <span class='ocrx_word' id='word_1_652' title='bbox 607 5260 782 5315; x_wconf 84' lang='lat' dir='ltr'><strong>eremitarum</strong></span> <span class='ocrx_word' id='word_1_653' title='bbox 797 5259 826 5314; x_wconf 83' lang='lat' dir='ltr'><strong>S.</strong></span> <span class='ocrx_word' id='word_1_654' title='bbox 839 5260 994 5333; x_wconf 75' lang='lat' dir='ltr'><strong>Augustini,</strong></span> 
     </span>
     <span class='ocr_line' id='line_1_63' title="bbox 203 5348 995 5424; baseline 0.004 -19"><span class='ocrx_word' id='word_1_655' title='bbox 203 5349 364 5420; x_wconf 87' lang='lat' dir='ltr'><strong>antiquitate</strong></span> <span class='ocrx_word' id='word_1_656' title='bbox 378 5348 560 5417; x_wconf 84' lang='lat' dir='ltr'><strong>compositum</strong></span> <span class='ocrx_word' id='word_1_657' title='bbox 573 5390 581 5415; x_wconf 99' lang='lat'><strong>,</strong></span> <span class='ocrx_word' id='word_1_658' title='bbox 594 5352 668 5422; x_wconf 90' lang='lat' dir='ltr'><strong>quod</strong></span> <span class='ocrx_word' id='word_1_659' title='bbox 682 5367 884 5424; x_wconf 88' lang='lat' dir='ltr'><strong>rtenoumquam</strong></span> <span class='ocrx_word' id='word_1_660' title='bbox 901 5368 995 5410; x_wconf 91' lang='lat' dir='ltr'><strong>mena·</strong></span> 
     </span>
     <span class='ocr_line' id='line_1_64' title="bbox 203 5442 998 5517; baseline 0.005 -18"><span class='ocrx_word' id='word_1_661' title='bbox 203 5442 315 5499; x_wconf 77' lang='lat' dir='ltr'><strong>cinerem</strong></span> <span class='ocrx_word' id='word_1_662' title='bbox 335 5442 479 5517; x_wconf 81' lang='lat' dir='ltr'><strong>dtrgrtstioi</strong></span> <span class='ocrx_word' id='word_1_663' title='bbox 496 5443 667 5511; x_wconf 88' lang='lat' dir='ltr'><strong>meminerit;</strong></span> <span class='ocrx_word' id='word_1_664' title='bbox 694 5445 836 5516; x_wconf 84' lang='lat' dir='ltr'><strong>sinrilequc</strong></span> <span class='ocrx_word' id='word_1_665' title='bbox 852 5446 887 5502; x_wconf 88' lang='lat' dir='ltr'><strong>de</strong></span> <span class='ocrx_word' id='word_1_666' title='bbox 911 5444 998 5503; x_wconf 77' lang='lat' dir='ltr'><strong>conb-</strong></span> 
     </span>
     <span class='ocr_line' id='line_1_65' title="bbox 204 5533 999 5607; baseline 0.006 -20"><span class='ocrx_word' id='word_1_667' title='bbox 204 5533 331 5588; x_wconf 84' lang='lat' dir='ltr'><strong>rntatione</strong></span> <span class='ocrx_word' id='word_1_668' title='bbox 351 5533 386 5588; x_wconf 84' lang='lat' dir='ltr'><strong>li.</strong></span> <span class='ocrx_word' id='word_1_669' title='bbox 408 5533 515 5589; x_wconf 86' lang='lat' dir='ltr'><strong>llaxlrni</strong></span> <span class='ocrx_word' id='word_1_670' title='bbox 530 5534 615 5592; x_wconf 88' lang='lat' dir='ltr'><strong>lertnr</strong></span> <span class='ocrx_word' id='word_1_671' title='bbox 628 5534 773 5603; x_wconf 79' lang='lat' dir='ltr'><strong>iudicium,</strong></span> <span class='ocrx_word' id='word_1_672' title='bbox 786 5537 859 5607; x_wconf 92' lang='lat' dir='ltr'><strong>qued</strong></span> <span class='ocrx_word' id='word_1_673' title='bbox 870 5535 999 5592; x_wconf 87' lang='lat' dir='ltr'><strong>tritttlrnm</strong></span> 
     </span>
     <span class='ocr_line' id='line_1_66' title="bbox 205 5626 1003 5695; baseline 0.005 -16"><span class='ocrx_word' id='word_1_674' title='bbox 205 5629 290 5679; x_wconf 88' lang='lat' dir='ltr'><strong>multa</strong></span> <span class='ocrx_word' id='word_1_675' title='bbox 300 5626 335 5681; x_wconf 92' lang='lat' dir='ltr'><strong>de</strong></span> <span class='ocrx_word' id='word_1_676' title='bbox 349 5626 453 5681; x_wconf 75' lang='lat' dir='ltr'><strong>eisdem</strong></span> <span class='ocrx_word' id='word_1_677' title='bbox 463 5628 598 5695; x_wconf 89' lang='lat' dir='ltr'><strong>eremitis,</strong></span> <span class='ocrx_word' id='word_1_678' title='bbox 613 5637 642 5684; x_wconf 92' lang='lat' dir='ltr'><strong>et</strong></span> <span class='ocrx_word' id='word_1_679' title='bbox 660 5627 695 5683; x_wconf 91' lang='lat' dir='ltr'><strong>de</strong></span> <span class='ocrx_word' id='word_1_680' title='bbox 709 5626 893 5683; x_wconf 86' lang='lat' dir='ltr'><strong>Betredictinis</strong></span> <span class='ocrx_word' id='word_1_681' title='bbox 909 5641 1003 5683; x_wconf 88' lang='lat' dir='ltr'><strong>mona·</strong></span> 
     </span>
     <span class='ocr_line' id='line_1_67' title="bbox 203 5717 1005 5791; baseline 0.009 -20"><span class='ocrx_word' id='word_1_682' title='bbox 203 5718 266 5771; x_wconf 85' lang='lat' dir='ltr'><strong>eltis</strong></span> <span class='ocrx_word' id='word_1_683' title='bbox 280 5717 306 5770; x_wconf 91' lang='lat' dir='ltr'><strong>in</strong></span> <span class='ocrx_word' id='word_1_684' title='bbox 317 5733 347 5772; x_wconf 89' lang='lat' dir='ltr'><strong>ea</strong></span> <span class='ocrx_word' id='word_1_685' title='bbox 364 5718 495 5790; x_wconf 85' lang='lat' dir='ltr'><strong>legamus.</strong></span> <span class='ocrx_word' id='word_1_686' title='bbox 510 5720 548 5776; x_wconf 88' lang='lat' dir='ltr'><strong>lta</strong></span> <span class='ocrx_word' id='word_1_687' title='bbox 570 5735 635 5776; x_wconf 90' lang='lat' dir='ltr'><strong>sane</strong></span> <span class='ocrx_word' id='word_1_688' title='bbox 650 5719 722 5791; x_wconf 89' lang='lat' dir='ltr'><strong>apud</strong></span> <span class='ocrx_word' id='word_1_689' title='bbox 735 5719 866 5776; x_wconf 87' lang='lat' dir='ltr'><strong>mortales</strong></span> <span class='ocrx_word' id='word_1_690' title='bbox 890 5737 939 5776; x_wconf 87' lang='lat' dir='ltr'><strong>usu</strong></span> <span class='ocrx_word' id='word_1_691' title='bbox 961 5736 1005 5778; x_wconf 89' lang='lat' dir='ltr'><strong>re·</strong></span> 
     </span>
     <span class='ocr_line' id='line_1_68' title="bbox 204 5811 1006 5883; baseline 0.001 -17"><span class='ocrx_word' id='word_1_692' title='bbox 204 5820 326 5879; x_wconf 87' lang='lat' dir='ltr'><strong>ceptum,</strong></span> <span class='ocrx_word' id='word_1_693' title='bbox 344 5811 499 5883; x_wconf 86' lang='lat' dir='ltr'><strong>utquisque</strong></span> <span class='ocrx_word' id='word_1_694' title='bbox 517 5814 625 5868; x_wconf 91' lang='lat' dir='ltr'><strong>illorum</strong></span> <span class='ocrx_word' id='word_1_695' title='bbox 646 5813 841 5869; x_wconf 89' lang='lat' dir='ltr'><strong>auctoritatem</strong></span> <span class='ocrx_word' id='word_1_696' title='bbox 860 5812 965 5877; x_wconf 83' lang='lat' dir='ltr'><strong>cieret,</strong></span> <span class='ocrx_word' id='word_1_697' title='bbox 977 5821 1006 5868; x_wconf 87' lang='lat' dir='ltr'><strong>et</strong></span> 
     </span>
     <span class='ocr_line' id='line_1_69' title="bbox 203 5905 1006 5978; baseline 0.005 -19"><span class='ocrx_word' id='word_1_698' title='bbox 203 5913 369 5975; x_wconf 71' lang='lat' dir='ltr'><strong>exaggeret,</strong></span> <span class='ocrx_word' id='word_1_699' title='bbox 396 5905 439 5976; x_wconf 87' lang='lat' dir='ltr'><strong>qui</strong></span> <span class='ocrx_word' id='word_1_700' title='bbox 466 5907 548 5964; x_wconf 87' lang='lat' dir='ltr'><strong>rebus</strong></span> <span class='ocrx_word' id='word_1_701' title='bbox 570 5906 629 5963; x_wconf 89' lang='lat' dir='ltr'><strong>suis</strong></span> <span class='ocrx_word' id='word_1_702' title='bbox 652 5905 803 5978; x_wconf 71' lang='lat' dir='ltr'><strong>prodesse,</strong></span> <span class='ocrx_word' id='word_1_703' title='bbox 823 5908 924 5961; x_wconf 72' lang='lat' dir='ltr'><strong>&#39;eornm</strong></span> <span class='ocrx_word' id='word_1_704' title='bbox 941 5919 1006 5963; x_wconf 88' lang='lat' dir='ltr'><strong>rere</strong></span> 
     </span>
    </p>
   </div>
   <div class='ocr_carea' id='block_1_7' title="bbox 1047 4885 1856 5972">
    <p class='ocr_par' dir='ltr' id='par_1_8' title="bbox 1047 4885 1856 5972">
     <span class='ocr_line' id='line_1_70' title="bbox 1047 4885 1844 4957; baseline -0.001 -10"><span class='ocrx_word' id='word_1_705' title='bbox 1047 4890 1141 4947; x_wconf 78' lang='lat' dir='ltr'><strong>aurate</strong></span> <span class='ocrx_word' id='word_1_706' title='bbox 1164 4887 1246 4957; x_wconf 85' lang='lat' dir='ltr'><strong>uulgo</strong></span> <span class='ocrx_word' id='word_1_707' title='bbox 1262 4895 1466 4957; x_wconf 87' lang='lat' dir='ltr'><strong>nuttcopatum,</strong></span> <span class='ocrx_word' id='word_1_708' title='bbox 1483 4902 1546 4942; x_wconf 87' lang='lat' dir='ltr'><strong>cunt</strong></span> <span class='ocrx_word' id='word_1_709' title='bbox 1560 4885 1662 4953; x_wconf 81' lang='lat' dir='ltr'><strong>neten,</strong></span> <span class='ocrx_word' id='word_1_710' title='bbox 1677 4897 1735 4946; x_wconf 91' lang='lat' dir='ltr'><strong>tum</strong></span> <span class='ocrx_word' id='word_1_711' title='bbox 1749 4887 1844 4946; x_wconf 80' lang='lat' dir='ltr'><strong>Romae</strong></span> 
     </span>
     <span class='ocr_line' id='line_1_71' title="bbox 1049 4979 1846 5051; baseline -0.003 -11"><span class='ocrx_word' id='word_1_712' title='bbox 1049 4991 1144 5040; x_wconf 87' lang='lat' dir='ltr'><strong>nactus</strong></span> <span class='ocrx_word' id='word_1_713' title='bbox 1169 4980 1255 5051; x_wconf 85' lang='lat' dir='ltr'><strong>sum).</strong></span> <span class='ocrx_word' id='word_1_714' title='bbox 1272 4980 1334 5036; x_wconf 78' lang='lat' dir='ltr'><strong>Haec</strong></span> <span class='ocrx_word' id='word_1_715' title='bbox 1348 4980 1471 5049; x_wconf 87' lang='lat' dir='ltr'><strong>prolecto</strong></span> <span class='ocrx_word' id='word_1_716' title='bbox 1486 4980 1598 5036; x_wconf 89' lang='lat' dir='ltr'><strong>multam</strong></span> <span class='ocrx_word' id='word_1_717' title='bbox 1614 4979 1681 5036; x_wconf 91' lang='lat' dir='ltr'><strong>mibi</strong></span> <span class='ocrx_word' id='word_1_718' title='bbox 1698 4997 1746 5049; x_wconf 94' lang='lat' dir='ltr'><strong>pro</strong></span> <span class='ocrx_word' id='word_1_719' title='bbox 1760 4995 1846 5051; x_wconf 86' lang='lat' dir='ltr'><strong>opere</strong></span> 
     </span>
     <span class='ocr_line' id='line_1_72' title="bbox 1048 5070 1846 5142; baseline -0.006 -8"><span class='ocrx_word' id='word_1_720' title='bbox 1048 5072 1221 5142; x_wconf 84' lang='lat' dir='ltr'><strong>instruendo,</strong></span> <span class='ocrx_word' id='word_1_721' title='bbox 1237 5079 1264 5129; x_wconf 91' lang='lat' dir='ltr'><strong>et</strong></span> <span class='ocrx_word' id='word_1_722' title='bbox 1277 5071 1401 5130; x_wconf 90' lang='lat' dir='ltr'><strong>ernaudo</strong></span> <span class='ocrx_word' id='word_1_723' title='bbox 1413 5070 1610 5140; x_wconf 90' lang='lat' dir='ltr'><strong>supellectilem</strong></span> <span class='ocrx_word' id='word_1_724' title='bbox 1624 5071 1846 5142; x_wconf 77' lang='lat' dir='ltr'><strong>suppeditarunt.</strong></span> 
     </span>
     <span class='ocr_line' id='line_1_73' title="bbox 1050 5161 1848 5230; baseline -0.003 -7"><span class='ocrx_word' id='word_1_725' title='bbox 1050 5168 1090 5223; x_wconf 82' lang='lat' dir='ltr'><strong>ad</strong></span> <span class='ocrx_word' id='word_1_726' title='bbox 1102 5165 1204 5223; x_wconf 87' lang='lat' dir='ltr'><strong>Urbem</strong></span> <span class='ocrx_word' id='word_1_727' title='bbox 1219 5179 1281 5221; x_wconf 87' lang='lat' dir='ltr'><strong>euru</strong></span> <span class='ocrx_word' id='word_1_728' title='bbox 1292 5161 1408 5230; x_wconf 84' lang='lat' dir='ltr'><strong>accessi,</strong></span> <span class='ocrx_word' id='word_1_729' title='bbox 1420 5162 1611 5220; x_wconf 87' lang='lat' dir='ltr'><strong>bibliothecam</strong></span> <span class='ocrx_word' id='word_1_730' title='bbox 1624 5163 1781 5221; x_wconf 80' lang='lat' dir='ltr'><strong>vaticanam</strong></span> <span class='ocrx_word' id='word_1_731' title='bbox 1791 5180 1848 5221; x_wconf 90' lang='lat' dir='ltr'><strong>nou</strong></span> 
     </span>
     <span class='ocr_line' id='line_1_74' title="bbox 1051 5253 1850 5326; baseline 0.001 -11"><span class='ocrx_word' id='word_1_732' title='bbox 1051 5259 1135 5317; x_wconf 88' lang='lat' dir='ltr'><strong>semel</strong></span> <span class='ocrx_word' id='word_1_733' title='bbox 1151 5256 1238 5322; x_wconf 91' lang='lat' dir='ltr'><strong>adiri,</strong></span> <span class='ocrx_word' id='word_1_734' title='bbox 1261 5253 1376 5326; x_wconf 72' lang='lat' dir='ltr'><strong>collegii</strong></span> <span class='ocrx_word' id='word_1_735' title='bbox 1397 5254 1513 5312; x_wconf 80' lang='lat' dir='ltr'><strong>Romani</strong></span> <span class='ocrx_word' id='word_1_736' title='bbox 1538 5255 1700 5326; x_wconf 83' lang='lat' dir='ltr'><strong>saepissime,</strong></span> <span class='ocrx_word' id='word_1_737' title='bbox 1722 5257 1850 5316; x_wconf 88' lang='lat' dir='ltr'><strong>illustris·</strong></span> 
     </span>
     <span class='ocr_line' id='line_1_75' title="bbox 1052 5345 1848 5406; baseline 0 0"><span class='ocrx_word' id='word_1_738' title='bbox 1052 5349 1114 5406; x_wconf 78' lang='lat' dir='ltr'><strong>niori</strong></span> <span class='ocrx_word' id='word_1_739' title='bbox 1140 5364 1172 5405; x_wconf 86' lang='lat' dir='ltr'><strong>ac</strong></span> <span class='ocrx_word' id='word_1_740' title='bbox 1192 5345 1410 5405; x_wconf 79' lang='lat' dir='ltr'><strong>reverendissimi</strong></span> <span class='ocrx_word' id='word_1_741' title='bbox 1440 5345 1544 5404; x_wconf 87' lang='lat' dir='ltr'><strong>demini</strong></span> <span class='ocrx_word' id='word_1_742' title='bbox 1566 5349 1621 5405; x_wconf 91' lang='lat' dir='ltr'><strong>mei</strong></span> <span class='ocrx_word' id='word_1_743' title='bbox 1645 5348 1793 5405; x_wconf 88' lang='lat' dir='ltr'><strong>cardinalis</strong></span> <span class='ocrx_word' id='word_1_744' title='bbox 1813 5351 1848 5406; x_wconf 90' lang='lat' dir='ltr'><strong>de</strong></span> 
     </span>
     <span class='ocr_line' id='line_1_76' title="bbox 1053 5439 1850 5514; baseline 0 -15"><span class='ocrx_word' id='word_1_745' title='bbox 1053 5444 1151 5510; x_wconf 82' lang='lat' dir='ltr'><strong>Trele,</strong></span> <span class='ocrx_word' id='word_1_746' title='bbox 1173 5456 1235 5512; x_wconf 77' lang='lat' dir='ltr'><strong>qum</strong></span> <span class='ocrx_word' id='word_1_747' title='bbox 1255 5456 1305 5512; x_wconf 93' lang='lat' dir='ltr'><strong>pre</strong></span> <span class='ocrx_word' id='word_1_748' title='bbox 1328 5439 1440 5509; x_wconf 90' lang='lat' dir='ltr'><strong>eximia,</strong></span> <span class='ocrx_word' id='word_1_749' title='bbox 1467 5441 1669 5514; x_wconf 84' lang='lat' dir='ltr'><strong>omnigenaque</strong></span> <span class='ocrx_word' id='word_1_750' title='bbox 1695 5442 1850 5500; x_wconf 86' lang='lat' dir='ltr'><strong>eruditione</strong></span> 
     </span>
     <span class='ocr_line' id='line_1_77' title="bbox 1055 5531 1851 5607; baseline -0.003 -16"><span class='ocrx_word' id='word_1_751' title='bbox 1055 5535 1122 5591; x_wconf 78' lang='lat' dir='ltr'><strong>meti</strong></span> <span class='ocrx_word' id='word_1_752' title='bbox 1139 5534 1272 5607; x_wconf 87' lang='lat' dir='ltr'><strong>principis</strong></span> <span class='ocrx_word' id='word_1_753' title='bbox 1287 5531 1500 5602; x_wconf 86' lang='lat' dir='ltr'><strong>locupletissima</strong></span> <span class='ocrx_word' id='word_1_754' title='bbox 1513 5541 1566 5600; x_wconf 85' lang='lat' dir='ltr'><strong>est,</strong></span> <span class='ocrx_word' id='word_1_755' title='bbox 1582 5534 1693 5591; x_wconf 77' lang='lat' dir='ltr'><strong>mulum</strong></span> <span class='ocrx_word' id='word_1_756' title='bbox 1707 5535 1795 5594; x_wconf 83' lang='lat' dir='ltr'><strong>lunam</strong></span> <span class='ocrx_word' id='word_1_757' title='bbox 1808 5544 1851 5590; x_wconf 91' lang='lat' dir='ltr'><strong>at-</strong></span> 
     </span>
     <span class='ocr_line' id='line_1_78' title="bbox 1056 5624 1851 5697; baseline -0.006 -15"><span class='ocrx_word' id='word_1_758' title='bbox 1056 5627 1125 5684; x_wconf 90' lang='lat' dir='ltr'><strong>tulit.</strong></span> <span class='ocrx_word' id='word_1_759' title='bbox 1153 5627 1283 5683; x_wconf 77' lang='lat' dir='ltr'><strong>Atticiano</strong></span> <span class='ocrx_word' id='word_1_760' title='bbox 1297 5624 1457 5695; x_wconf 88' lang='lat' dir='ltr'><strong>Gregoriani</strong></span> <span class='ocrx_word' id='word_1_761' title='bbox 1480 5624 1616 5696; x_wconf 70' lang='lat' dir='ltr'><strong>collegii,</strong></span> <span class='ocrx_word' id='word_1_762' title='bbox 1638 5642 1689 5697; x_wconf 91' lang='lat' dir='ltr'><strong>pre</strong></span> <span class='ocrx_word' id='word_1_763' title='bbox 1711 5625 1851 5683; x_wconf 88' lang='lat' dir='ltr'><strong>monacbis</strong></span> 
     </span>
     <span class='ocr_line' id='line_1_79' title="bbox 1057 5715 1849 5786; baseline -0.008 -14"><span class='ocrx_word' id='word_1_764' title='bbox 1057 5721 1174 5776; x_wconf 80' lang='lat' dir='ltr'><strong>linirersi</strong></span> <span class='ocrx_word' id='word_1_765' title='bbox 1189 5719 1294 5775; x_wconf 88' lang='lat' dir='ltr'><strong>ertliois</strong></span> <span class='ocrx_word' id='word_1_766' title='bbox 1315 5717 1343 5774; x_wconf 88' lang='lat' dir='ltr'><strong>S.</strong></span> <span class='ocrx_word' id='word_1_767' title='bbox 1358 5716 1446 5771; x_wconf 85' lang='lat' dir='ltr'><strong>Patris</strong></span> <span class='ocrx_word' id='word_1_768' title='bbox 1462 5715 1624 5786; x_wconf 88' lang='lat' dir='ltr'><strong>Benedicti,</strong></span> <span class='ocrx_word' id='word_1_769' title='bbox 1644 5732 1739 5774; x_wconf 86' lang='lat' dir='ltr'><strong>reeens</strong></span> <span class='ocrx_word' id='word_1_770' title='bbox 1753 5715 1849 5779; x_wconf 90' lang='lat' dir='ltr'><strong>erecti,</strong></span> 
     </span>
     <span class='ocr_line' id='line_1_80' title="bbox 1057 5806 1851 5869; baseline -0.008 -4"><span class='ocrx_word' id='word_1_771' title='bbox 1057 5826 1072 5865; x_wconf 84' lang='lat' dir='ltr'><strong>a</strong></span> <span class='ocrx_word' id='word_1_772' title='bbox 1086 5813 1119 5868; x_wconf 84' lang='lat' dir='ltr'><strong>ll.</strong></span> <span class='ocrx_word' id='word_1_773' title='bbox 1135 5813 1165 5868; x_wconf 90' lang='lat' dir='ltr'><strong>P.</strong></span> <span class='ocrx_word' id='word_1_774' title='bbox 1181 5822 1207 5869; x_wconf 91' lang='lat' dir='ltr'><strong>et</strong></span> <span class='ocrx_word' id='word_1_775' title='bbox 1219 5812 1308 5868; x_wconf 89' lang='lat' dir='ltr'><strong>amieo</strong></span> <span class='ocrx_word' id='word_1_776' title='bbox 1318 5806 1522 5863; x_wconf 80' lang='lat' dir='ltr'><strong>cbarissimoll.</strong></span> <span class='ocrx_word' id='word_1_777' title='bbox 1533 5809 1708 5866; x_wconf 82' lang='lat' dir='ltr'><strong>Constatttioe</strong></span> <span class='ocrx_word' id='word_1_778' title='bbox 1721 5806 1851 5861; x_wconf 85' lang='lat' dir='ltr'><strong>Caietano</strong></span> 
     </span>
     <span class='ocr_line' id='line_1_81' title="bbox 1058 5898 1856 5972; baseline -0.013 -11"><span class='ocrx_word' id='word_1_779' title='bbox 1058 5905 1114 5962; x_wconf 87' lang='lat' dir='ltr'><strong>suis</strong></span> <span class='ocrx_word' id='word_1_780' title='bbox 1125 5905 1233 5963; x_wconf 90' lang='lat' dir='ltr'><strong>abunde</strong></span> <span class='ocrx_word' id='word_1_781' title='bbox 1244 5901 1356 5960; x_wconf 89' lang='lat' dir='ltr'><strong>laudate</strong></span> <span class='ocrx_word' id='word_1_782' title='bbox 1367 5899 1552 5970; x_wconf 84' lang='lat' dir='ltr'><strong>scriptissatis</strong></span> <span class='ocrx_word' id='word_1_783' title='bbox 1562 5900 1683 5972; x_wconf 75' lang='lat' dir='ltr'><strong>adiurit:</strong></span> <span class='ocrx_word' id='word_1_784' title='bbox 1699 5898 1856 5969; x_wconf 77' lang='lat' dir='ltr'><strong>profuitque</strong></span> 
     </span>
    </p>
   </div>
   <div class='ocr_carea' id='block_1_8' title="bbox 0 0 2107 6434">
    <p class='ocr_par' dir='ltr' id='par_1_9' title="bbox 0 0 2107 6434">
     <span class='ocr_line' id='line_1_82' title="bbox 0 0 2107 6434; baseline 0 0"><span class='ocrx_word' id='word_1_785' title='bbox 0 0 2107 6434; x_wconf 95' lang='lat' dir='ltr'><strong> </strong></span> 
     </span>
    </p>
   </div>
  </div>
 </body>
</html>
