4192 6434
313 411 449 470 1¹37

1339 414 1811 476 ttts'rotttttlttltt
1850 415 2055 474 Ltsssstt
2094 417 2208 475 vlt.
2250 416 2406 476 CAP.
2446 419 2643 480 xxtx.

3461 421 3605 479 tt58

307 523 681 584 Romanorum
720 540 912 600 regum
952 528 1040 584 vel
1081 530 1290 601 primus
1323 533 1408 589 vel
1452 532 1604 588 solus
1646 533 1899 589 instituit.
1930 535 2118 599 Atius
2154 534 2341 593 Caesar
2369 535 2391 566 ⁸
2436 536 2621 594 fratris
2654 538 2836 606 ssliuS,
2872 537 2977 594 sed
3008 537 3267 595 continuo
3313 540 3532 595 militari
3579 542 3602 571 ⁶

304 617 438 688 Quat
457 619 578 675 sola
603 634 803 691 expers
830 620 1125 691 idolorum,
1157 622 1228 679 ad
1254 623 1380 692 hoc,
1405 624 1732 681 brevissimo
1761 633 1900 681 tem·

268 719 278 725 ·
301 706 463 783 pore,
491 711 715 767 condita
735 726 766 767 a
793 711 1104 769 Christiano
1134 715 1487 787 imperatore,
1513 726 1770 787 provecta
1792 726 1898 782 est,

301 812 364 858 ut
392 801 514 858 sola
543 801 764 872 Romae,
793 811 874 859 tot
908 805 1160 874 soeculiS,
1194 804 1541 879 miseriisque
1579 816 1851 878 provectae
1881 850 1898 879 ,

303 893 351 926 ²⁸
373 894 547 949 lot-ma
568 902 625 950 et
653 894 896 966 potentia
925 895 1118 953 merito
1168 899 1213 931 ’⁹
1263 897 1435 968 possit
1485 901 1713 971 aequari.
1763 900 1899 956 Tum

298 986 501 1044 deinde
530 988 742 1057 primus
766 988 1321 1063 Constantinusjusto
1360 992 1556 1049 ordine
1596 1002 1649 1049 et
1690 993 1780 1064 pio
1819 994 1900 1050 vi-

296 1092 418 1135 cem
453 1078 621 1136 vertit
644 1078 847 1149 edicto,
880 1081 1151 1154 siquidem
1180 1083 1370 1140 statuit
1401 1084 1539 1140 citra
1580 1083 1747 1141 ullam
1792 1085 1898 1141 bo-

295 1171 507 1229 minum
536 1171 742 1230 eaedem
771 1189 1107 1246 paganorum
1142 1175 1340 1247 templa
1388 1176 1590 1236 claudi.
1630 1176 1753 1234 Mox
1790 1176 1899 1234 Go-

300 1263 522 1321 thorum
545 1264 872 1321 l'ortissimas
907 1276 965 1322 et
985 1267 1402 1338 copiosissimas
1447 1276 1639 1340 gentes
1681 1270 1735 1324 in
1780 1270 1898 1340 ipso

304 1356 582 1415 barbarici
610 1356 883 1426 seusina,
914 1359 1017 1414 hoc
1043 1368 1130 1416 est
1168 1360 1222 1415 in
1255 1360 1630 1417 Sarmatarum
1676 1363 1898 1432 regione

295 1450 521 1506 delevit.
547 1449 595 1482 ⁸⁰
624 1448 945 1507 calocerum
964 1451 1279 1524 quemdam,
1304 1452 1531 1526 541111
1545 1453 1723 1526 Cypro
1754 1457 1899 1525 aspi-

298 1549 516 1598 rantem
541 1541 699 1598 novis
728 1542 923 1610 rebus,
980 1545 1281 1616 oppressit.
1322 1544 1742 1602 'tricennalibus
1783 1547 1897 1601 suis

297 1633 625 1691 Dalmatium
642 1633 919 1692 Caesarem
942 1635 1095 1708 legit.
1123 1636 1370 1708 Curaque
1391 1637 1597 1693 bellum
1623 1641 1674 1693 in
1703 1637 1897 1694 Persas

295 1724 604 1795 moliretur,
640 1726 692 1781 in
715 1725 839 1781 villa
869 1725 1082 1797 publica
1106 1727 1262 1798 juxta
1294 1727 1685 1796 Nicomediam,
1714 1728 1901 1800 dispo·

298 1820 459 1879 sitam
482 1822 623 1880 bene
645 1821 1040 1894 rempublicam
1066 1822 1189 1878 tiliis
1218 1821 1466 1886 tradens,
1491 1822 1635 1879 diem
1665 1822 1821 1881 obiit.

864 1935 1099 1995 CAPUT
1137 1937 1333 1994 xxix.

296 2027 689 2097 Constantinus,
714 2029 1046 2087 Constantius
1063 2041 1114 2089 et
1141 2032 1399 2088 Constans
1414 2033 1773 2103 imperotores.
1801 2030 1895 2089 In-

334 2103 485 2157 terim
506 2102 571 2156 de
587 2100 888 2172 Maquentio
908 2104 1187 2174 arripiente
1201 2103 1494 2174 imperium,
1514 2115 1561 2159 et
1587 2102 1854 2159 Decentio.

366 2197 529 2251 Anno
555 2193 626 2250 ab
656 2193 803 2252 Urbe
839 2195 1060 2253 condita
1085 2212 1258 2264 utcu,
1291 2197 1307 2228 ²
1338 2194 1695 2254 Constantius
1734 2196 1896 2254 trice-

281 2288 469 2345 -simus
496 2289 717 2360 quintus
742 2305 864 2346 cum
888 2290 1243 2347 Constantino
1269 2298 1323 2348 et
1344 2290 1644 2347 Constante
1672 2291 1693 2322 ⁹
1713 2290 1896 2347 tratri-

296 2379 402 2436 bus
428 2380 545 2437 suis
570 2380 799 2453 adeptus
831 2383 1119 2454 imperium
1139 2426 1155 2450 ,
1197 2383 1218 2415 ⁸
1249 2383 1439 2454 viginti
1472 2392 1708 2454 quatuor
1733 2384 1893 2441 annis

298 2477 495 2530 tenuit.
525 2474 648 2534 Fuit
677 2475 819 2532 inter
847 2490 1198 2534 successores
1224 2475 1570 2534 Constantini
1600 2486 1650 2535 et
1674 2477 1891 2534 Dalma-

2004 628 2240 686 l'actione
2268 629 2290 661 ⁸
2318 629 2607 702 decerptus
2632 640 2735 687 est.
2762 632 2974 688 {nterea
2996 633 3230 702 maligna
3253 647 3473 704 semper
3497 633 3596 689 ad-

2002 736 2201 779 versus
2241 722 2410 779 Deum
2461 738 2652 780 verum
2703 725 2724 756 ⁷
2764 724 3050 782 insectatio
3096 724 3323 790 diaboli,
3364 740 3489 796 quse
3528 724 3601 780 ab

2001 817 2158 873 initio
2198 817 2381 873 mundi
2407 831 2579 888 usque
2604 818 2670 873 ad
2701 834 2844 874 nuuc.
2868 860 2880 882 ,
2908 836 2936 872 a
2963 820 3182 876 sincero
3212 818 3337 876 ndei
3366 818 3594 889 religio·

2003 910 2196 982 uisque
2235 913 2484 979 tramite,
2517 913 2539 946 ⁸
2565 912 2758 968 offusis
2804 927 3053 969 errorum
3100 913 3354 981 nebulis,
3397 912 3606 970 lubrica

2002 1002 2282 1060 hominum
2305 1003 2474 1060 corda
2498 1005 2816 1075 perturbat3
2840 1013 3129 1079 postquam
3151 1003 3481 1062 Christianis
3500 1005 3604 1061 im·

2000 1095 2348 1166 peratoribus
2400 1111 2668 1154 summam
2720 1103 2889 1170 regite
2941 1101 3228 1172 potestatis
3273 1101 3327 1156 in
3368 1100 3600 1158 meliora

1999 1188 2343 1245 vertentibus
2367 1234 2382 1259 ,
2415 1190 2705 1248 ecclesiam
2734 1191 2938 1249 Christi
2972 1192 3095 1249 zelo
3122 1191 3448 1250 idololatriae
3479 1208 3607 1265 per-

1998 1280 2155 1352 sequi
2194 1280 2436 1349 destitit,
2466 1282 2612 1340 aliud
2644 1285 3162 1354 machinamentum,
3209 1301 3316 1359 quo
3346 1302 3445 1358 per
3470 1299 3601 1342 eos-

2002 1373 2127 1431 dem
2149 1374 2494 1433 Christianos
2516 1377 2875 1448 imperatores
2896 1379 3098 1436 Christi
3122 1380 3413 1437 ecclesiam
3432 1395 3602 1437 vexa-

2000 1474 2113 1533 ret,
2169 1466 2402 1524 invenit.
2444 1466 2531 1522 Fit
2567 1468 2732 1540 igitur
2762 1470 2922 1537 Ario,
2964 1471 3092 1527 novi
3121 1470 3326 1527 erroris
3354 1470 3601 1532 auctori.

2000 1557 2325 1628 caeterisquc
2354 1557 2638 1629 discipulis
2667 1558 2836 1630 ipsius
2873 1558 2943 1615 ad
2973 1559 3393 1617 familiaritatem
3440 1559 3604 1635 542

1999 1647 2303 1704 Constantii
2326 1650 2670 1720 imperatoris
2690 1660 2976 1724 promptus
2998 1651 3177 1709 aditus
3204 1663 3259 1709 et
3285 1652 3462 1708 facilis
3485 1652 3594 1708 via.

2000 1739 2275 1798 Suadetur
2318 1740 2674 1810 Constantio,
2717 1752 2775 1798 ut
2828 1743 3092 1815 quosdam
3148 1745 3202 1800 in
3241 1744 3354 1800 Deo
3397 1743 3599 1813 gradus

2000 1831 2225 1889 credat:
2258 1842 2314 1889 et
2336 1833 2427 1904 qui
2455 1832 2789 1905 perjanuam
2821 1836 2891 1891 ab
2920 1850 3114 1891 errore
3135 1834 3456 1891 idololatriae
3483 1833 3600 1890 sue-

1922 1922 1972 1983 B
1999 1932 2085 1980 rat
2113 1938 2368 1995 egressus
2393 1965 2407 1990 ,
2438 1927 2460 1958 ⁹
2493 1939 2686 1981 rursus
2736 1925 2789 1980 in
2820 1925 2999 1980 sinum
3029 1927 3148 1995 eius
3172 1965 3187 1988 .
3219 1925 3350 1982 dum
3395 1927 3449 1982 in
3483 1927 3596 1982 Deo

1997 2012 2137 2071 deos
2161 2014 2390 2085 quaerit,
2421 2024 2695 2086 tamquam
2724 2030 2823 2086 per
2844 2015 3272 2088 pseudothyrum
3302 2015 3599 2077 inducitur.

1996 2106 2268 2164 Perverso
2291 2107 2453 2179 igitur
2491 2109 2608 2165 zelo
2638 2118 2879 2179 potestas
2909 2119 3155 2165 armatur
3184 2110 3340 2166 illusa
3364 2152 3380 2176 ,
3410 2119 3468 2167 et
3495 2111 3600 2168 sub

1999 2199 2223 2256 nomine
2246 2199 2462 2270 pietatis
2481 2199 2566 2256 vis
2583 2201 2981 2272 persecutionis
3002 2201 3253 2272 agitatur.
3285 2202 3330 2234 ¹⁰
3358 2201 3435 2258 De
3461 2217 3600 2259 nova

1999 2292 2241 2349 nominis
2269 2291 2538 2349 electione
2566 2278 2936 2358 contenditur,
2971 2302 3029 2348 ut
3056 2292 3385 2349 Ariauorum
3417 2295 3599 2365 potius

2001 2384 2273 2453 ecclesiae,
2297 2399 2456 2455 quam
2475 2384 2869 2441 catholicorum
2891 2386 3019 2440 sint.
3039 2386 3297 2457 Sequitur
3319 2397 3600 2444 tcrraemo-

2000 2487 2087 2536 tus
2138 2478 2442 2547 horribilis,
2490 2480 2582 2550 qui
2625 2478 2886 2551 plurimas
2928 2479 3169 2537 Orientis
3207 2479 3370 2538 urbes
3407 2481 3447 2512 ¹¹
3479 2480 3596 2538 solo

1596 2621 2051 2682 ttAvssRcAtipl
2088 2623 2316 2682 NOTAE.

296 2733 524 2789 tionem.
541 2731 742 2789 Caesari
759 2734 905 2793 enim
927 2738 1196 2806 Augusto,
1212 2738 1422 2808 imperii
1445 2739 1670 2796 Romani
1693 2739 1888 2810 ampli-

295 2803 529 2870 licatori,
552 2805 1029 2876 quimarmoream
1047 2826 1113 2865 ex
1144 2809 1375 2866 lateritia
1404 2809 1607 2866 lecerat
1638 2808 1887 2876 Romam,

292 2875 504 2945 primus
535 2876 624 2930 hic
651 2873 993 2933 Christianus
1026 2879 1347 2950 imperator,
1398 2890 1454 2937 et.
1505 2896 1659 2936 novae
1700 2880 1889 2936 Romae

291 2947 562 3012 eonditor,
598 2948 986 3017 aequiparatur.
1019 2949 1774 3022 CaputConstantinilllagui,
1795 2966 1890 3008 co·

293 3030 430 3072 rona
460 3026 734 3086 gemmata
758 3018 882 3084 (pro
905 3036 1011 3090 qua
1064 3021 1253 3077 laurea
1304 3024 1356 3078 in
1406 3024 1733 3078 numismate
1776 3038 1885 3078 non

292 3087 546 3143 dissimili
570 3088 709 3160 apud
730 3088 1065 3147 Banduiium
1082 3095 1347 3162 cernitur)
1368 3094 1631 3158 cinctum,
1658 3107 1689 3146 a
1716 3093 1888 3165 priori

293 3166 453 3230 parte
480 3168 601 3226 est;
655 3175 685 3215 a
715 3163 1002 3232 posteriori
1031 3179 1233 3221 corona
1275 3165 1463 3222 laurea
1513 3165 1746 3235 ingenS,
1799 3164 1889 3220 cui

1995 2736 2227 2795 Caesaris
2254 2738 2570 2796 inscribitur
2600 2753 2822 2811 nomen,
2855 2737 3105 2810 apposito
3145 2736 3212 2793 ad
3250 2745 3412 2807 caput
3453 2737 3600 2795 Con-

1992 2811 2242 2877 stantini,
2276 2825 2384 2866 non
2417 2810 2641 2882 proprio
2686 2810 2858 2880 ipsius
2909 2810 3148 2871 nomine,
3179 2810 3274 2864 sed
3325 2809 3471 2864 illius
3511 2810 3600 2865 cui

1991 2895 2116 2937 sese
2139 2882 2498 2949 assimilabat,
2530 2881 2786 2950 Augusti.
2812 2880 2968 2939 Unde
2995 2879 3204 2950 integra
3236 2879 3467 2943 nummi,
3505 2880 3599 2949 qui

1992 2950 2244 3020 Lugduni
2271 2966 2435 3009 cusus
2463 2961 2565 3010 est.
2593 2951 2852 3007 omnibus
2885 2951 3059 3006 titulis
3102 2949 3392 3021 superbior
3419 2964 3600 3006 emer·

1992 3022 2065 3092 git
2099 3023 2409 3092 inscriptio,
2437 3020 2686 3078 CAESAR
2705 3019 3092 3080 AVGVSTVS.
3110 3020 3415 3094 Magnitudo
3442 3036 3589 3077 num·

1996 3093 2073 3150 mi
2103 3104 2160 3151 et
2189 3095 2396 3165 pictura
2430 3091 2551 3152 lioec
2576 3103 2659 3150 est
2689 3111 2700 3148 :

367 4348 461 4405 28.
495 4347 690 4405 Forum
709 4353 757 4403 et
776 4345 1024 4420 potentia.
1056 4343 1299 4402 Floreut.
1335 4355 1476 4411 sec„
1502 4341 1673 4413 forma
1699 4350 1755 4396 ut
1784 4358 1879 4416 po·
1906 4336 1955 4404 C
2056 4341 2111 4398 6.
2151 4339 2440 4413 Decerptas
2468 4352 2562 4398 est.
2613 4341 2671 4399 ld
2704 4350 2811 4410 est,
2855 4334 3144 4398 immature
3185 4340 3443 4411 abreptus
3491 4350 3601 4397 est.

299 4421 491 4488 tentia,·
517 4435 655 4485 sec„
687 4428 735 4475 et
763 4424 933 4488 [orma
960 4424 1006 4471 et
1031 4417 1284 4489 potentia.

369 4491 463 4546 29.
503 4490 675 4547 Possit
692 4489 911 4561 oeqitori.
933 4487 1011 4542 lta
1040 4489 1141 4558 legi
1165 4485 1363 4542 debere
1389 4499 1582 4540 omnes
1627 4498 1760 4539 mss.
1789 4531 1804 4555 ‚
1836 4497 1891 4543 et

298 4561 415 4631 ipsa
447 4563 646 4618 elamat
676 4562 840 4619 ratio.
869 4557 931 4615 ln
961 4558 1144 4629 vulgg.
1178 4555 1304 4613 edd.
1345 4555 1594 4626 exceptis
1636 4554 1809 4626 prima
1838 4568 1893 4615 et

298 4632 476 4690 Paris.
508 4632 691 4703 inepte
714 4632 908 4702 legitur
931 4637 1120 4700 posset.

373 4705 467 4760 50.
498 4705 824 4760 calocerum.
853 4700 1025 4771 Lugd.
1055 4699 1198 4756 Bau.
1227 4713 1310 4769 pr.
1343 4707 1398 4753 et
1426 4705 1581 4766 tert.‚
1608 4711 1731 4752 cum
1752 4695 1889 4754 Coll.

299 4772 569 4843 Gronov„
592 4772 961 4838 Colotherum5
986 4770 1233 4827 Floreat.
1265 4769 1396 4836 du0,
1429 4783 1553 4824 cum
1593 4766 1759 4835 ultr..
1788 4767 1893 4824 Cu-

298 4847 568 4901 luciterum
591 4863 608 4911 ς
635 4845 916 4906 Perizon..
938 4842 1332 4896 Coloeltareunt.

373 4915 506 4972 Car.
533 4914 873 4972 xxm-t.
897 4913 1253 4974 Constantius,
1283 4919 1387 4966 etc.
1416 4907 1494 4964 Ex
1525 4924 1654 4964 mss.
1687 4919 1744 4964 et
1764 4908 1890 4967 edd.

298 4987 694 5044 vetustioribus
741 4986 814 5042 ita
851 4983 1222 5052 reponendum
1270 4981 1422 5048 dttxi,
1473 4979 1644 5048 magis
1696 4993 1896 5038 conve-

303 5061 518 5115 nienter
560 5073 742 5127 quam,
788 5065 844 5111 ut
872 5054 1154 5110 Fabricius
1188 5053 1386 5123 aliique
1413 5049 1726 5116 ediderunt,
1759 5050 1896 5106 Cou-

299 5133 559 5186 stontinus
611 5127 896 5183 tricesimus
945 5126 1159 5197 quintus
1196 5139 1310 5177 cuin
1337 5118 1644 5176 Constantio
1684 5129 1731 5176 et
1761 5120 1900 5178 Con-

300 5208 495 5270 stonte,
542 5206 653 5256 etc.
682 5197 931 5266 Reliquis
975 5194 1118 5251 enim
1168 5191 1475 5259 supervixit
1518 5192 1897 5260 Cotistantius,

301 5270 697 5328 Constantinus
722 5277 906 5323 autem
935 5267 1117 5321 statim
1145 5263 1328 5334 periit.

373 5342 432 5398 2.
462 5340 738 5399 Fratribus
764 5338 891 5394 suis.
920 5336 999 5394 De
1022 5333 1363 5392 Constantini
1395 5331 1567 5388 tribus
1613 5331 1761 5399 liliis,
1804 5332 1900 5403 qui

305 5413 385 5471 illi
417 5414 472 5470 in
514 5411 747 5484 imperio
771 5414 1198 5472 successerunt,
1234 5403 1530 5474 Eutropius
1562 5402 1655 5458 lib.
1687 5403 1896 5460 ultimo.

305 5485 474 5543 Fun.

374 5557 433 5613 5.
471 5554 673 5628 Viqinti
698 5558 919 5623 quatuor
945 5550 1120 5607 annis.
1152 5547 1292 5604 Halo
1326 5544 1382 5601 in
1417 5543 1509 5628 ed.
1538 5544 1689 5628 ‘Aug.
1716 5544 1904 5626 viginti

307 5637 414 5684 tres
437 5646 456 5685 .·
496 5625 736 5683 decessit
780 5624 925 5678 euim
958 5634 1103 5677 anno
1141 5620 1356 5688 imperit
1386 5628 1647 5698 vigesimo
1685 5623 1899 5697 quinto,

308 5700 382 5756 lta
426 5713 493 5754 ue
537 5694 766 5766 integris
795 5693 984 5765 viginti
1016 5699 1074 5747 et
1152 5698 1347 5745 uatuor
1378 5699 1535 5742 annis
1586 5696 1896 5756 imperavit.

380 5714 437 5824 ἓ.
481 5765 687 5822 Fratris
718 5764 882 5835 titius.
915 5760 1084 5835 Lngd.
1163 5769 1257 5816 att.
1284 5767 1539 5832 quatuor,
1567 5756 1818 5815 Perizon.
1854 5765 1911 5814 et

305 5838 484 5905 ultr„
510 5837 693 5904 fratris
718 5833 802 5891 sui
872 5835 994 5890 lius.
1730 5898 1742 5909 ⁸
1774 5898 1787 5911 .

385 5911 439 5968 5.
485 5906 760 5966 Frictione.
866 5904 995 5979 ugd.
1041 5903 1182 5962 Bau.
1233 5916 1317 5975 pr.
1338 5906 1396 5960 ct
1427 5905 1580 5970 tert.,
1629 5898 1904 5956 seditione.

1993 4411 2202 4537 {ei-ibae
2225 4413 2447 4484 quidam
2480 4429 2588 4469 uon
2617 4412 2980 4486 intelligentes
3009 4410 3266 4481 verbum,
3298 4422 3597 4484 posuerant

2034 4492 2243 4553 ereptus
2269 4493 2369 4540 en.

2066 4553 2121 4610 7.
2149 4552 2434 4611 Insectott’o
2473 4554 2689 4609 diaboti.
2729 4554 2971 4610 Florent.
3014 4569 3153 4620 see„
3207 4553 3472 4608 diabolica
3514 4553 3598 4608 in-

1995 4625 2252 4687 sectatio:
2285 4635 2434 4689 tert..
2459 4639 2583 4680 cum
2612 4625 2703 4681 ed.
2736 4625 2902 4694 Aug„
2933 4624 3130 4680 diaboti
3160 4623 3452 4679 insectatio.

2029 4694 2384 4835 ff⁸·.⁰ff¹“⁵³·
2430 4695 2561 4751 Mss.
2598 4694 2758 4752 codd.
2807 4693 3074 4752 Florentt.
3103 4693 3214 4752 duo
3241 4704 3296 4753 et
3321 4694 3599 4763 Perizon.,

1997 4781 2027 4821 e
2076 4784 2203 4823 um.

2067 4836 2124 4893 9.
2163 4838 2366 4893 Rursus
2412 4839 2467 4891 in
2506 4838 2677 4892 sinum
2716 4840 2829 4892 e’us
2856 4876 2870 4903 ,
2917 4836 3065 4894 dum.
3117 4836 3263 4893 Libri
3304 4836 3589 4908 plerique:

1998 4924 2233 4964 reversus
2280 4911 2332 4963 in
2379 4907 2549 4963 sinum
2596 4911 2706 4981 ejus
2744 4924 2848 4972 em,
2895 4907 2949 4963 iu
2985 4909 3181 4980 quibus
3214 4906 3342 4963 dum
3373 4921 3594 4963 sensum

1998 4994 2207 5049 quaero,
2225 4994 2327 5035 nec
2348 4979 2588 5042 invenio,
2617 4979 2697 5035 sic
2718 4981 3010 5035 immutavi.
3046 4978 3339 5047 Audacter,
3356 4978 3597 5047 inquies,

1998 5049 2259 5105 audacter
2284 5064 2436 5115 saue.
2488 5049 2583 5105 sed
2615 5064 2716 5106 nec
2757 5051 2939 5105 minus
2979 5047 3287 5106 commode.
3333 5048 3597 5103 Lam-.—

1999 5119 2134 5177 Cum
2166 5118 2248 5176 sic
2275 5121 2328 5175 iu
2361 5120 2614 5176 omnibus
2635 5134 2768 5176 mss.
2801 5128 3137 5189 etpraeterca
3170 5119 3223 5174 in
3243 5119 3334 5176 ed.
3362 5123 3595 5190 August.

2000 5192 2294 5257 scribatur,
2337 5198 2647 5261 corruptam
2686 5199 2866 5246 tumen
2909 5190 3243 5262 reliquarum
3295 5189 3595 5245 editionum

2002 5261 2318 5324 lectionem,
2348 5277 2468 5332 qua>
2499 5262 2678 5316 minus
2707 5270 2834 5326 apte
2872 5261 3154 5323 exhibent.
3180 5276 3414 5317 reuersus
3438 5259 3494 5312 in
3517 5259 3597 5312 si-

2001 5347 2131 5388 num
2171 5331 2447 5404 ejusdem,
2492 5331 2545 5384 in
2580 5329 2688 5386 Deo
2714 5331 2838 5387 deos
2861 5332 3045 5403 quoerit
3072 5374 3088 5400 ‚
3122 5340 3171 5386 et
3201 5338 3462 5401 tamquam
3506 5341 3602 5408 per

2002 5401 2422 5475 pseudothyrum
2482 5400 2749 5456 inducitur
2778 5442 2794 5467 ,
2860 5402 3132 5474 pleraeque
3191 5415 3259 5457 ex
3306 5404 3598 5480 postremis

2002 5481 2207 5530 secutae
2234 5482 2364 5530 suut
2385 5517 2400 5542 ,
2441 5481 2668 5543 excepta
2690 5472 2864 5529 scotti
2887 5512 2905 5540 ,
2931 5473 2985 5529 in
3006 5486 3113 5545 qua
3144 5471 3286 5529 bene
3314 5474 3601 5524 constitut·

2003 5552 2113 5602 tur.

2078 5614 2168 5671 ll).
2197 5613 2275 5670 De
2301 5629 2434 5671 nova
2456 5615 2705 5672 nominis.
2736 5613 2866 5670 Mss.
2910 5613 3128 5686 quidam
3157 5619 3213 5667 et.
3233 5607 3358 5665 edd.
3399 5607 3463 5662 de
3486 5608 3613 5663 nori

2009 5686 2255 5752 nominis,
2291 5695 2399 5743 cte.

1934 5728 1989 5792 Ῑ)
2089 5757 2180 5813 tt.
2210 5757 2341 5815 Solo
2359 5758 2560 5815 stravit.
2581 5756 2828 5816 Priorem
2858 5768 3047 5812 vocem
3075 5765 3208 5809 mss.
3240 5747 3490 5821 quaedam
3519 5748 3612 5804 de·

2015 5827 2151 5886 lent.
