<?xml version="1.0" encoding="UTF-8"?>
<!DOCTYPE html PUBLIC "-//W3C//DTD XHTML 1.0 Transitional//EN"
    "http://www.w3.org/TR/xhtml1/DTD/xhtml1-transitional.dtd">
<html xmlns="http://www.w3.org/1999/xhtml" xml:lang="en" lang="en">
 <head>
  <title>
</title>
<meta http-equiv="Content-Type" content="text/html;charset=utf-8" />
  <meta name='ocr-system' content='tesseract 3.04.00' />
  <meta name='ocr-capabilities' content='ocr_page ocr_carea ocr_par ocr_line ocrx_word'/>
</head>
<body>
  <div class='ocr_page' id='page_1' title='image "./patrologiaecurs83unkngoog_0537.png"; bbox 0 0 4192 6434; ppageno 0'>
   <div class='ocr_carea' id='block_1_1' title="bbox 431 402 575 461">
    <p class='ocr_par' dir='ltr' id='par_1_1' title="bbox 431 402 575 461">
     <span class='ocr_line' id='line_1_1' title="bbox 431 402 575 461; baseline 0 0"><span class='ocrx_word' id='word_1_1' title='bbox 431 402 575 461; x_wconf 65' lang='lat' dir='ltr'><strong>tosa</strong></span> 
     </span>
    </p>
   </div>
   <div class='ocr_carea' id='block_1_2' title="bbox 1459 395 2666 456">
    <p class='ocr_par' dir='ltr' id='par_1_2' title="bbox 1459 395 2666 456">
     <span class='ocr_line' id='line_1_2' title="bbox 1459 395 2666 456; baseline -0.006 -1"><span class='ocrx_word' id='word_1_2' title='bbox 1459 398 1933 456; x_wconf 68' lang='lat' dir='ltr'><strong>ttts&#39;rontttnuu</strong></span> <span class='ocrx_word' id='word_1_3' title='bbox 1971 395 2182 454; x_wconf 69' lang='lat' dir='ltr'><strong>blsstltt</strong></span> <span class='ocrx_word' id='word_1_4' title='bbox 2226 396 2335 453; x_wconf 75' lang='lat' dir='ltr'><strong>VH.</strong></span> <span class='ocrx_word' id='word_1_5' title='bbox 2377 395 2532 451; x_wconf 74' lang='lat' dir='ltr'><strong>CAP.</strong></span> <span class='ocrx_word' id='word_1_6' title='bbox 2575 395 2666 451; x_wconf 82' lang='lat' dir='ltr'><strong>tx.</strong></span> 
     </span>
    </p>
   </div>
   <div class='ocr_carea' id='block_1_3' title="bbox 3596 392 3739 453">
    <p class='ocr_par' dir='ltr' id='par_1_3' title="bbox 3596 392 3739 453">
     <span class='ocr_line' id='line_1_3' title="bbox 3596 392 3739 453; baseline -0.007 -1"><span class='ocrx_word' id='word_1_7' title='bbox 3596 392 3739 453; x_wconf 74' lang='lat'>¹986</span> 
     </span>
    </p>
   </div>
   <div class='ocr_carea' id='block_1_4' title="bbox 426 505 3739 584">
    <p class='ocr_par' dir='ltr' id='par_1_4' title="bbox 426 505 3739 584">
     <span class='ocr_line' id='line_1_4' title="bbox 426 505 3739 584; baseline -0.004 -11"><span class='ocrx_word' id='word_1_8' title='bbox 426 525 487 573; x_wconf 78' lang='lat' dir='ltr'><strong>et</strong></span> <span class='ocrx_word' id='word_1_9' title='bbox 513 513 810 573; x_wconf 77' lang='lat' dir='ltr'><strong>Suetonius</strong></span> <span class='ocrx_word' id='word_1_10' title='bbox 839 510 1109 570; x_wconf 85' lang='lat' dir='ltr'><strong>referunt.</strong></span> <span class='ocrx_word' id='word_1_11' title='bbox 1141 512 1184 544; x_wconf 82' lang='lat'><strong>¹⁸</strong></span> <span class='ocrx_word' id='word_1_12' title='bbox 1210 511 1484 584; x_wconf 81' lang='lat' dir='ltr'><strong>toseptms</strong></span> <span class='ocrx_word' id='word_1_13' title='bbox 1515 526 1645 568; x_wconf 77' lang='lat' dir='ltr'><strong>vero</strong></span> <span class='ocrx_word' id='word_1_14' title='bbox 1665 510 1910 575; x_wconf 65' lang='lat' dir='ltr'><strong>Judreus,</strong></span> <span class='ocrx_word' id='word_1_15' title='bbox 1939 508 2034 582; x_wconf 87' lang='lat' dir='ltr'><strong>qui</strong></span> <span class='ocrx_word' id='word_1_16' title='bbox 2062 513 2110 573; x_wconf 80' lang='grc' dir='ltr'><strong>Α</strong></span> <span class='ocrx_word' id='word_1_17' title='bbox 2139 508 2416 565; x_wconf 87' lang='lat' dir='ltr'><strong>conditam</strong></span> <span class='ocrx_word' id='word_1_18' title='bbox 2460 515 2819 565; x_wconf 86' lang='lat' dir='ltr'><strong>censuerunt.</strong></span> <span class='ocrx_word' id='word_1_19' title='bbox 2855 505 2989 563; x_wconf 80' lang='lat' dir='ltr'><strong>ture</strong></span> <span class='ocrx_word' id='word_1_20' title='bbox 3037 505 3186 563; x_wconf 88' lang='lat' dir='ltr'><strong>enim</strong></span> <span class='ocrx_word' id='word_1_21' title='bbox 3232 506 3378 563; x_wconf 84' lang='lat' dir='ltr'><strong>idem</strong></span> <span class='ocrx_word' id='word_1_22' title='bbox 3422 505 3596 563; x_wconf 66' lang='lat' dir='ltr'><strong>bonos</strong></span> <span class='ocrx_word' id='word_1_23' title='bbox 3652 507 3739 563; x_wconf 86' lang='lat' dir='ltr'><strong>ul-</strong></span> 
     </span>
    </p>
   </div>
   <div class='ocr_carea' id='block_1_5' title="bbox 424 603 2038 1879">
    <p class='ocr_par' dir='ltr' id='par_1_5' title="bbox 424 603 2038 1879">
     <span class='ocr_line' id='line_1_5' title="bbox 424 603 2037 677; baseline -0.003 -12"><span class='ocrx_word' id='word_1_24' title='bbox 424 608 480 665; x_wconf 87' lang='lat' dir='ltr'><strong>ei</strong></span> <span class='ocrx_word' id='word_1_25' title='bbox 512 616 644 664; x_wconf 82' lang='lat' dir='ltr'><strong>tune</strong></span> <span class='ocrx_word' id='word_1_26' title='bbox 689 605 834 662; x_wconf 87' lang='lat' dir='ltr'><strong>bello</strong></span> <span class='ocrx_word' id='word_1_27' title='bbox 865 603 1104 677; x_wconf 74' lang='lat' dir='ltr'><strong>praefuit,</strong></span> <span class='ocrx_word' id='word_1_28' title='bbox 1136 615 1194 661; x_wconf 91' lang='lat' dir='ltr'><strong>et</strong></span> <span class='ocrx_word' id='word_1_29' title='bbox 1222 604 1360 677; x_wconf 67' lang='lat' dir='ltr'><strong>aput!</strong></span> <span class='ocrx_word' id='word_1_30' title='bbox 1390 605 1778 675; x_wconf 66' lang='lat' dir='ltr'>Vespasianum</span> <span class='ocrx_word' id='word_1_31' title='bbox 1811 612 2037 676; x_wconf 88' lang='lat' dir='ltr'><strong>propter</strong></span> 
     </span>
     <span class='ocr_line' id='line_1_6' title="bbox 431 696 2035 771; baseline -0.003 -16"><span class='ocrx_word' id='word_1_32' title='bbox 431 697 756 771; x_wconf 73' lang='lat' dir='ltr'><strong>praedictum</strong></span> <span class='ocrx_word' id='word_1_33' title='bbox 805 696 1097 768; x_wconf 86' lang='lat' dir='ltr'><strong>imperium</strong></span> <span class='ocrx_word' id='word_1_34' title='bbox 1123 697 1340 752; x_wconf 74' lang='lat' dir='ltr'><strong>veniam</strong></span> <span class='ocrx_word' id='word_1_35' title='bbox 1375 699 1715 766; x_wconf 69' lang='lat' dir='ltr'><strong>gratiamque</strong></span> <span class='ocrx_word' id='word_1_36' title='bbox 1740 704 2035 764; x_wconf 82' lang='lat' dir='ltr'><strong>meruerat,</strong></span> 
     </span>
     <span class='ocr_line' id='line_1_7' title="bbox 436 787 2038 860; baseline -0.001 -13"><span class='ocrx_word' id='word_1_37' title='bbox 436 791 482 825; x_wconf 75' lang='lat'><strong>¹⁹</strong></span> <span class='ocrx_word' id='word_1_38' title='bbox 505 789 704 847; x_wconf 83' lang='lat' dir='ltr'><strong>scribit</strong></span> <span class='ocrx_word' id='word_1_39' title='bbox 734 787 992 846; x_wconf 84' lang='lat' dir='ltr'><strong>undecies</strong></span> <span class='ocrx_word' id='word_1_40' title='bbox 1020 798 1254 846; x_wconf 86' lang='lat' dir='ltr'><strong>centena</strong></span> <span class='ocrx_word' id='word_1_41' title='bbox 1285 788 1455 845; x_wconf 78' lang='lat' dir='ltr'><strong>milita</strong></span> <span class='ocrx_word' id='word_1_42' title='bbox 1481 788 1667 860; x_wconf 70' lang='lat' dir='ltr'><strong>gladio</strong></span> <span class='ocrx_word' id='word_1_43' title='bbox 1694 796 1752 845; x_wconf 83' lang='lat' dir='ltr'><strong>et</strong></span> <span class='ocrx_word' id='word_1_44' title='bbox 1780 788 1926 845; x_wconf 78' lang='lat' dir='ltr'><strong>fame</strong></span> <span class='ocrx_word' id='word_1_45' title='bbox 1946 801 2038 859; x_wconf 87' lang='lat' dir='ltr'><strong>pe-</strong></span> 
     </span>
     <span class='ocr_line' id='line_1_8' title="bbox 426 878 2037 952; baseline -0.003 -12"><span class='ocrx_word' id='word_1_46' title='bbox 426 883 568 941; x_wconf 78' lang='lat' dir='ltr'><strong>risse</strong></span> <span class='ocrx_word' id='word_1_47' title='bbox 650 898 670 939; x_wconf 70' lang='grc' dir='ltr'>ι</span> <span class='ocrx_word' id='word_1_48' title='bbox 750 880 1012 952; x_wconf 79' lang='lat' dir='ltr'>reliquias</span> <span class='ocrx_word' id='word_1_49' title='bbox 1083 895 1220 937; x_wconf 81' lang='lat' dir='ltr'><strong>vero</strong></span> <span class='ocrx_word' id='word_1_50' title='bbox 1299 879 1617 937; x_wconf 70' lang='lat' dir='ltr'><strong>ludaeorum</strong></span> <span class='ocrx_word' id='word_1_51' title='bbox 1703 881 1753 915; x_wconf 82' lang='lat'><strong>’⁰</strong></span> <span class='ocrx_word' id='word_1_52' title='bbox 1805 878 2037 937; x_wconf 74' lang='lat' dir='ltr'><strong>diversis</strong></span> 
     </span>
     <span class='ocr_line' id='line_1_9' title="bbox 424 973 2035 1045; baseline -0.006 -10"><span class='ocrx_word' id='word_1_53' title='bbox 424 984 582 1035; x_wconf 76' lang='lat' dir='ltr'><strong>actas</strong></span> <span class='ocrx_word' id='word_1_54' title='bbox 623 975 1034 1034; x_wconf 84' lang='lat' dir='ltr'><strong>conditionibus</strong></span> <span class='ocrx_word' id='word_1_55' title='bbox 1089 985 1206 1031; x_wconf 95' lang='lat' dir='ltr'><strong>toto</strong></span> <span class='ocrx_word' id='word_1_56' title='bbox 1243 975 1378 1032; x_wconf 85' lang='lat' dir='ltr'><strong>orbe</strong></span> <span class='ocrx_word' id='word_1_57' title='bbox 1418 973 1697 1045; x_wconf 85' lang='lat' dir='ltr'><strong>dispersas</strong></span> <span class='ocrx_word' id='word_1_58' title='bbox 1743 992 1757 1028; x_wconf 77' lang='lat' dir='ltr'><strong><em>z</em></strong></span> <span class='ocrx_word' id='word_1_59' title='bbox 1806 987 2035 1045; x_wconf 88' lang='lat' dir='ltr'><strong>quarum</strong></span> 
     </span>
     <span class='ocr_line' id='line_1_10' title="bbox 429 1062 2037 1138; baseline -0.005 -11"><span class='ocrx_word' id='word_1_60' title='bbox 429 1080 696 1127; x_wconf 80' lang='lat' dir='ltr'><strong>numerus</strong></span> <span class='ocrx_word' id='word_1_61' title='bbox 744 1068 812 1123; x_wconf 86' lang='lat' dir='ltr'><strong>ad</strong></span> <span class='ocrx_word' id='word_1_62' title='bbox 873 1068 915 1101; x_wconf 77' lang='lat'><strong>&#39;¹</strong></span> <span class='ocrx_word' id='word_1_63' title='bbox 977 1065 1274 1138; x_wconf 72' lang='lat' dir='ltr'><strong>nonaginta</strong></span> <span class='ocrx_word' id='word_1_64' title='bbox 1330 1065 1495 1121; x_wconf 79' lang='lat' dir='ltr'><strong>millia</strong></span> <span class='ocrx_word' id='word_1_65' title='bbox 1544 1064 1824 1120; x_wconf 83' lang='lat' dir='ltr'><strong>bominum</strong></span> <span class='ocrx_word' id='word_1_66' title='bbox 1868 1062 2037 1119; x_wconf 85' lang='lat' dir='ltr'><strong>fuisse</strong></span> 
     </span>
     <span class='ocr_line' id='line_1_11' title="bbox 432 1155 2034 1230; baseline -0.005 -11"><span class='ocrx_word' id='word_1_67' title='bbox 432 1168 709 1219; x_wconf 77' lang='lat' dir='ltr'><strong>narratur.</strong></span> <span class='ocrx_word' id='word_1_68' title='bbox 769 1161 815 1192; x_wconf 78' lang='lat'><strong>¹⁸</strong></span> <span class='ocrx_word' id='word_1_69' title='bbox 862 1157 1236 1230; x_wconf 75' lang='lat' dir='ltr'><strong>Vespasianus</strong></span> <span class='ocrx_word' id='word_1_70' title='bbox 1292 1167 1346 1213; x_wconf 90' lang='lat' dir='ltr'><strong>et</strong></span> <span class='ocrx_word' id='word_1_71' title='bbox 1414 1156 1568 1213; x_wconf 84' lang='lat' dir='ltr'><strong>Titus</strong></span> <span class='ocrx_word' id='word_1_72' title='bbox 1632 1155 2034 1226; x_wconf 81' lang='lat' dir='ltr'><strong>iutperatoreS,</strong></span> 
     </span>
     <span class='ocr_line' id='line_1_12' title="bbox 428 1247 2033 1327; baseline -0.007 -14"><span class='ocrx_word' id='word_1_73' title='bbox 428 1254 783 1327; x_wconf 81' lang='lat' dir='ltr'><strong>magnificum</strong></span> <span class='ocrx_word' id='word_1_74' title='bbox 808 1261 1035 1325; x_wconf 83' lang='lat' dir='ltr'><strong>agentes</strong></span> <span class='ocrx_word' id='word_1_75' title='bbox 1081 1251 1153 1309; x_wconf 89' lang='lat' dir='ltr'><strong>de</strong></span> <span class='ocrx_word' id='word_1_76' title='bbox 1194 1251 1397 1308; x_wconf 78' lang='lat' dir='ltr'><strong>Judaeis</strong></span> <span class='ocrx_word' id='word_1_77' title='bbox 1429 1248 1785 1320; x_wconf 86' lang='lat' dir='ltr'><strong>triumphum,</strong></span> <span class='ocrx_word' id='word_1_78' title='bbox 1833 1247 2033 1305; x_wconf 85' lang='lat' dir='ltr'><strong>Urbem</strong></span> 
     </span>
     <span class='ocr_line' id='line_1_13' title="bbox 427 1340 2037 1419; baseline -0.005 -14"><span class='ocrx_word' id='word_1_79' title='bbox 427 1347 664 1419; x_wconf 76' lang='lat' dir='ltr'><strong>ingressi</strong></span> <span class='ocrx_word' id='word_1_80' title='bbox 696 1352 844 1402; x_wconf 82' lang='lat' dir='ltr'><strong>sunt.</strong></span> <span class='ocrx_word' id='word_1_81' title='bbox 893 1343 1185 1401; x_wconf 83' lang='lat' dir='ltr'><strong>Pulchrum</strong></span> <span class='ocrx_word' id='word_1_82' title='bbox 1237 1352 1292 1399; x_wconf 90' lang='lat' dir='ltr'><strong>et</strong></span> <span class='ocrx_word' id='word_1_83' title='bbox 1342 1343 1582 1414; x_wconf 79' lang='lat' dir='ltr'><strong>ignotum</strong></span> <span class='ocrx_word' id='word_1_84' title='bbox 1622 1352 1779 1397; x_wconf 80' lang='lat' dir='ltr'><strong>antea</strong></span> <span class='ocrx_word' id='word_1_85' title='bbox 1826 1340 2037 1397; x_wconf 88' lang='lat' dir='ltr'><strong>cunctis</strong></span> 
     </span>
     <span class='ocr_line' id='line_1_14' title="bbox 430 1431 2035 1505; baseline -0.005 -12"><span class='ocrx_word' id='word_1_86' title='bbox 430 1434 758 1493; x_wconf 73' lang='lat' dir='ltr'><strong>mortalibus</strong></span> <span class='ocrx_word' id='word_1_87' title='bbox 811 1436 952 1490; x_wconf 78' lang='lat' dir='ltr'><strong>inu-r</strong></span> <span class='ocrx_word' id='word_1_88' title='bbox 986 1444 1266 1491; x_wconf 87' lang='lat' dir='ltr'><strong>trecentos</strong></span> <span class='ocrx_word' id='word_1_89' title='bbox 1340 1435 1524 1505; x_wconf 80' lang='lat' dir='ltr'><strong>viginti</strong></span> <span class='ocrx_word' id='word_1_90' title='bbox 1560 1432 1860 1504; x_wconf 81' lang='lat' dir='ltr'><strong>triumphus</strong></span> <span class='ocrx_word' id='word_1_91' title='bbox 1892 1473 1909 1500; x_wconf 88' lang='lat'><strong>,</strong></span> <span class='ocrx_word' id='word_1_92' title='bbox 1944 1431 2035 1502; x_wconf 83' lang='lat' dir='ltr'><strong>qui</strong></span> 
     </span>
     <span class='ocr_line' id='line_1_15' title="bbox 426 1522 2034 1603; baseline -0.005 -17"><span class='ocrx_word' id='word_1_93' title='bbox 426 1526 596 1603; x_wconf 60' lang='grc'><strong>48],</strong></span> <span class='ocrx_word' id='word_1_94' title='bbox 625 1542 657 1585; x_wconf 85' lang='lat' dir='ltr'><strong>a</strong></span> <span class='ocrx_word' id='word_1_95' title='bbox 693 1526 1018 1584; x_wconf 83' lang='lat' dir='ltr'><strong>conditione</strong></span> <span class='ocrx_word' id='word_1_96' title='bbox 1044 1525 1228 1593; x_wconf 90' lang='lat' dir='ltr'><strong>Urbis,</strong></span> <span class='ocrx_word' id='word_1_97' title='bbox 1255 1524 1302 1558; x_wconf 82' lang='lat'><strong>’⁸</strong></span> <span class='ocrx_word' id='word_1_98' title='bbox 1325 1541 1495 1596; x_wconf 72' lang='lat' dir='ltr'><strong>usque</strong></span> <span class='ocrx_word' id='word_1_99' title='bbox 1527 1526 1580 1581; x_wconf 91' lang='lat' dir='ltr'><strong>in</strong></span> <span class='ocrx_word' id='word_1_100' title='bbox 1602 1525 1654 1581; x_wconf 87' lang='lat' dir='ltr'><strong>id</strong></span> <span class='ocrx_word' id='word_1_101' title='bbox 1687 1534 1898 1595; x_wconf 87' lang='lat' dir='ltr'><strong>tempus</strong></span> <span class='ocrx_word' id='word_1_102' title='bbox 1930 1522 2034 1579; x_wconf 87' lang='lat' dir='ltr'><strong>acti</strong></span> 
     </span>
     <span class='ocr_line' id='line_1_16' title="bbox 435 1618 2034 1692; baseline -0.004 -11"><span class='ocrx_word' id='word_1_103' title='bbox 435 1631 624 1692; x_wconf 80' lang='lat' dir='ltr'><strong>erant,</strong></span> <span class='ocrx_word' id='word_1_104' title='bbox 684 1621 787 1677; x_wconf 82' lang='lat' dir='ltr'><strong>buc</strong></span> <span class='ocrx_word' id='word_1_105' title='bbox 823 1619 870 1652; x_wconf 72' lang='lat'><strong>¹⁸</strong></span> <span class='ocrx_word' id='word_1_106' title='bbox 903 1619 1282 1692; x_wconf 75' lang='lat' dir='ltr'><strong>spectaculum</strong></span> <span class='ocrx_word' id='word_1_107' title='bbox 1326 1618 1453 1689; x_wconf 85' lang='lat' dir='ltr'><strong>fuit,</strong></span> <span class='ocrx_word' id='word_1_108' title='bbox 1502 1628 1708 1691; x_wconf 80' lang='lat' dir='ltr'><strong>patrem</strong></span> <span class='ocrx_word' id='word_1_109' title='bbox 1758 1628 1815 1675; x_wconf 89' lang='lat' dir='ltr'><strong>ct</strong></span> <span class='ocrx_word' id='word_1_110' title='bbox 1862 1619 2034 1674; x_wconf 82' lang='lat' dir='ltr'><strong>lilium</strong></span> 
     </span>
     <span class='ocr_line' id='line_1_17' title="bbox 435 1711 2037 1785; baseline -0.004 -12"><span class='ocrx_word' id='word_1_111' title='bbox 435 1730 548 1773; x_wconf 88' lang='lat' dir='ltr'><strong>uno</strong></span> <span class='ocrx_word' id='word_1_112' title='bbox 576 1711 894 1785; x_wconf 79' lang='lat' dir='ltr'><strong>triumphali</strong></span> <span class='ocrx_word' id='word_1_113' title='bbox 941 1727 1105 1769; x_wconf 87' lang='lat' dir='ltr'><strong>curru</strong></span> <span class='ocrx_word' id='word_1_114' title='bbox 1137 1721 1347 1781; x_wconf 86' lang='lat' dir='ltr'><strong>vectos,</strong></span> <span class='ocrx_word' id='word_1_115' title='bbox 1380 1712 1827 1783; x_wconf 79' lang='lat' dir='ltr'><strong>gloriosissimam</strong></span> <span class='ocrx_word' id='word_1_116' title='bbox 1858 1711 1925 1767; x_wconf 86' lang='lat' dir='ltr'><strong>ab</strong></span> <span class='ocrx_word' id='word_1_117' title='bbox 1952 1711 2037 1767; x_wconf 87' lang='lat' dir='ltr'><strong>bis</strong></span> 
     </span>
     <span class='ocr_line' id='line_1_18' title="bbox 437 1804 2034 1879; baseline 0 -16"><span class='ocrx_word' id='word_1_118' title='bbox 437 1808 534 1879; x_wconf 87' lang='lat' dir='ltr'><strong>qui</strong></span> <span class='ocrx_word' id='word_1_119' title='bbox 565 1820 775 1879; x_wconf 85' lang='lat' dir='ltr'><strong>patrem</strong></span> <span class='ocrx_word' id='word_1_120' title='bbox 810 1816 866 1863; x_wconf 91' lang='lat' dir='ltr'><strong>et</strong></span> <span class='ocrx_word' id='word_1_121' title='bbox 908 1806 1077 1863; x_wconf 80' lang='lat' dir='ltr'><strong>lilium</strong></span> <span class='ocrx_word' id='word_1_122' title='bbox 1120 1804 1488 1875; x_wconf 74' lang='lat' dir='ltr'><strong>offenderant,</strong></span> <span class='ocrx_word' id='word_1_123' title='bbox 1520 1806 1804 1863; x_wconf 82' lang='lat' dir='ltr'><strong>victoriam</strong></span> <span class='ocrx_word' id='word_1_124' title='bbox 1845 1821 2034 1875; x_wconf 81' lang='lat' dir='ltr'><strong>repor-</strong></span> 
     </span>
    </p>
   </div>
   <div class='ocr_carea' id='block_1_6' title="bbox 2140 597 3746 1883">
    <p class='ocr_par' dir='ltr' id='par_1_6' title="bbox 2140 597 3746 1883">
     <span class='ocr_line' id='line_1_19' title="bbox 2149 597 3743 673; baseline -0.001 -16"><span class='ocrx_word' id='word_1_125' title='bbox 2149 601 2281 657; x_wconf 87' lang='lat' dir='ltr'><strong>tioni</strong></span> <span class='ocrx_word' id='word_1_126' title='bbox 2317 601 2589 673; x_wconf 72' lang='lat' dir='ltr'><strong>passionis</strong></span> <span class='ocrx_word' id='word_1_127' title='bbox 2623 598 2842 656; x_wconf 83' lang='lat' dir='ltr'><strong>Domini</strong></span> <span class='ocrx_word' id='word_1_128' title='bbox 2872 598 3154 670; x_wconf 78' lang='lat' dir='ltr'><strong>impensus</strong></span> <span class='ocrx_word' id='word_1_129' title='bbox 3192 607 3300 668; x_wconf 79' lang='lat' dir='ltr'><strong>est,</strong></span> <span class='ocrx_word' id='word_1_130' title='bbox 3340 598 3434 670; x_wconf 87' lang='lat' dir='ltr'><strong>qui</strong></span> <span class='ocrx_word' id='word_1_131' title='bbox 3456 597 3621 655; x_wconf 88' lang='lat' dir='ltr'><strong>etiam</strong></span> <span class='ocrx_word' id='word_1_132' title='bbox 3645 614 3743 656; x_wconf 86' lang='lat' dir='ltr'><strong>na-</strong></span> 
     </span>
     <span class='ocr_line' id='line_1_20' title="bbox 2140 689 3739 750; baseline -0.001 -1"><span class='ocrx_word' id='word_1_133' title='bbox 2140 693 2340 750; x_wconf 79' lang='lat' dir='ltr'><strong>tivitati</strong></span> <span class='ocrx_word' id='word_1_134' title='bbox 2369 691 2546 749; x_wconf 84' lang='lat' dir='ltr'><strong>fuerat</strong></span> <span class='ocrx_word' id='word_1_135' title='bbox 2574 692 2895 749; x_wconf 84' lang='lat' dir='ltr'><strong>attributus.</strong></span> <span class='ocrx_word' id='word_1_136' title='bbox 2923 690 3080 749; x_wconf 80' lang='lat' dir='ltr'><strong>Tunc</strong></span> <span class='ocrx_word' id='word_1_137' title='bbox 3098 689 3297 750; x_wconf 87' lang='lat' dir='ltr'><strong>deinde</strong></span> <span class='ocrx_word' id='word_1_138' title='bbox 3321 691 3442 748; x_wconf 84' lang='lat' dir='ltr'><strong>sine</strong></span> <span class='ocrx_word' id='word_1_139' title='bbox 3472 691 3598 747; x_wconf 86' lang='lat' dir='ltr'><strong>ullis</strong></span> <span class='ocrx_word' id='word_1_140' title='bbox 3621 692 3739 748; x_wconf 69' lang='lat' dir='ltr'><strong>bel·</strong></span> 
     </span>
     <span class='ocr_line' id='line_1_21' title="bbox 2145 781 3740 855; baseline -0.002 -12"><span class='ocrx_word' id='word_1_141' title='bbox 2145 787 2323 843; x_wconf 77' lang='lat' dir='ltr'><strong>lorum</strong></span> <span class='ocrx_word' id='word_1_142' title='bbox 2359 785 2682 842; x_wconf 81' lang='lat' dir='ltr'><strong>tumultibus</strong></span> <span class='ocrx_word' id='word_1_143' title='bbox 2708 781 2763 840; x_wconf 88' lang='lat' dir='ltr'><strong>in</strong></span> <span class='ocrx_word' id='word_1_144' title='bbox 2789 784 3117 841; x_wconf 88' lang='lat' dir='ltr'><strong>immensum</strong></span> <span class='ocrx_word' id='word_1_145' title='bbox 3148 782 3462 855; x_wconf 73' lang='lat' dir='ltr'><strong>respublica</strong></span> <span class='ocrx_word' id='word_1_146' title='bbox 3493 783 3740 840; x_wconf 81' lang='lat' dir='ltr'><strong>Romana</strong></span> 
     </span>
     <span class='ocr_line' id='line_1_22' title="bbox 2144 875 3746 952; baseline 0 -19"><span class='ocrx_word' id='word_1_147' title='bbox 2144 880 2502 949; x_wconf 81' lang='lat' dir='ltr'><strong>provehitur:</strong></span> <span class='ocrx_word' id='word_1_148' title='bbox 2532 878 2576 912; x_wconf 81' lang='lat'><strong>’⁷</strong></span> <span class='ocrx_word' id='word_1_149' title='bbox 2602 876 2872 949; x_wconf 78' lang='lat' dir='ltr'><strong>siquidem</strong></span> <span class='ocrx_word' id='word_1_150' title='bbox 2899 875 3128 944; x_wconf 80' lang='lat' dir='ltr'><strong>Achaia,</strong></span> <span class='ocrx_word' id='word_1_151' title='bbox 3155 876 3345 950; x_wconf 77' lang='lat' dir='ltr'><strong>Lycia,</strong></span> <span class='ocrx_word' id='word_1_152' title='bbox 3371 875 3621 944; x_wconf 82' lang='lat' dir='ltr'><strong>Rhodus,</strong></span> <span class='ocrx_word' id='word_1_153' title='bbox 3646 877 3746 952; x_wconf 76' lang='lat' dir='ltr'><strong>By-</strong></span> 
     </span>
     <span class='ocr_line' id='line_1_23' title="bbox 2143 964 3737 1044; baseline 0.002 -18"><span class='ocrx_word' id='word_1_154' title='bbox 2143 973 2406 1038; x_wconf 84' lang='lat' dir='ltr'><strong>zantium,</strong></span> <span class='ocrx_word' id='word_1_155' title='bbox 2453 970 2671 1039; x_wconf 87' lang='lat' dir='ltr'><strong>Samos,</strong></span> <span class='ocrx_word' id='word_1_156' title='bbox 2724 968 2979 1036; x_wconf 85' lang='lat' dir='ltr'><strong>Thracia,</strong></span> <span class='ocrx_word' id='word_1_157' title='bbox 3011 964 3224 1039; x_wconf 86' lang='lat' dir='ltr'><strong>Cilicia,</strong></span> <span class='ocrx_word' id='word_1_158' title='bbox 3270 971 3317 1004; x_wconf 86' lang='lat'><strong>¹⁸</strong></span> <span class='ocrx_word' id='word_1_159' title='bbox 3347 969 3737 1044; x_wconf 77' lang='lat' dir='ltr'><strong>Commagene,</strong></span> 
     </span>
     <span class='ocr_line' id='line_1_24' title="bbox 2143 1060 3740 1133; baseline 0.001 -16"><span class='ocrx_word' id='word_1_160' title='bbox 2143 1074 2257 1118; x_wconf 87' lang='lat' dir='ltr'><strong>tum</strong></span> <span class='ocrx_word' id='word_1_161' title='bbox 2288 1067 2518 1133; x_wconf 87' lang='lat' dir='ltr'><strong>primum</strong></span> <span class='ocrx_word' id='word_1_162' title='bbox 2548 1061 2782 1117; x_wconf 72' lang='lat' dir='ltr'><strong>redactae</strong></span> <span class='ocrx_word' id='word_1_163' title='bbox 2808 1062 2861 1116; x_wconf 90' lang='lat' dir='ltr'><strong>in</strong></span> <span class='ocrx_word' id='word_1_164' title='bbox 2895 1060 3221 1130; x_wconf 77' lang='lat' dir='ltr'><strong>provinciaS,</strong></span> <span class='ocrx_word' id='word_1_165' title='bbox 3249 1060 3514 1117; x_wconf 86' lang='lat' dir='ltr'><strong>Romanis</strong></span> <span class='ocrx_word' id='word_1_166' title='bbox 3539 1062 3740 1131; x_wconf 79' lang='lat' dir='ltr'><strong>judici·</strong></span> 
     </span>
     <span class='ocr_line' id='line_1_25' title="bbox 2142 1152 3738 1227; baseline -0.001 -13"><span class='ocrx_word' id='word_1_167' title='bbox 2142 1158 2264 1225; x_wconf 88' lang='lat' dir='ltr'><strong>bus,</strong></span> <span class='ocrx_word' id='word_1_168' title='bbox 2286 1157 2607 1227; x_wconf 85' lang='lat' dir='ltr'><strong>legibusque</strong></span> <span class='ocrx_word' id='word_1_169' title='bbox 2634 1162 2954 1226; x_wconf 81' lang='lat' dir='ltr'><strong>paruerunt.</strong></span> <span class='ocrx_word' id='word_1_170' title='bbox 2981 1152 3141 1210; x_wconf 83' lang='lat' dir='ltr'><strong>Nono</strong></span> <span class='ocrx_word' id='word_1_171' title='bbox 3163 1163 3341 1210; x_wconf 83' lang='lat' dir='ltr'><strong>autem</strong></span> <span class='ocrx_word' id='word_1_172' title='bbox 3369 1154 3587 1226; x_wconf 88' lang='lat' dir='ltr'><strong>imperii</strong></span> <span class='ocrx_word' id='word_1_173' title='bbox 3617 1154 3738 1225; x_wconf 81' lang='lat' dir='ltr'><strong>ejus</strong></span> 
     </span>
     <span class='ocr_line' id='line_1_26' title="bbox 2140 1249 3740 1321; baseline -0.001 -15"><span class='ocrx_word' id='word_1_174' title='bbox 2140 1266 2287 1306; x_wconf 86' lang='lat' dir='ltr'><strong>anno</strong></span> <span class='ocrx_word' id='word_1_175' title='bbox 2315 1265 2428 1306; x_wconf 82' lang='lat' dir='ltr'><strong>tres</strong></span> <span class='ocrx_word' id='word_1_176' title='bbox 2467 1251 2723 1305; x_wconf 82' lang='lat' dir='ltr'><strong>civitates</strong></span> <span class='ocrx_word' id='word_1_177' title='bbox 2757 1249 2923 1321; x_wconf 80' lang='lat' dir='ltr'><strong>Cypri</strong></span> <span class='ocrx_word' id='word_1_178' title='bbox 2956 1257 3273 1304; x_wconf 73' lang='lat' dir='ltr'><strong>terraemotu</strong></span> <span class='ocrx_word' id='word_1_179' title='bbox 3302 1257 3653 1314; x_wconf 80' lang='lat' dir='ltr'><strong>corruerunt,</strong></span> <span class='ocrx_word' id='word_1_180' title='bbox 3683 1255 3740 1304; x_wconf 85' lang='lat' dir='ltr'><strong>et</strong></span> 
     </span>
     <span class='ocr_line' id='line_1_27' title="bbox 2141 1338 3742 1412; baseline -0.002 -14"><span class='ocrx_word' id='word_1_181' title='bbox 2141 1344 2330 1399; x_wconf 82' lang='lat' dir='ltr'><strong>Romae</strong></span> <span class='ocrx_word' id='word_1_182' title='bbox 2357 1356 2550 1412; x_wconf 84' lang='lat' dir='ltr'><strong>magua</strong></span> <span class='ocrx_word' id='word_1_183' title='bbox 2584 1340 2895 1411; x_wconf 77' lang='lat' dir='ltr'><strong>pestilentia</strong></span> <span class='ocrx_word' id='word_1_184' title='bbox 2921 1338 3040 1394; x_wconf 87' lang='lat' dir='ltr'><strong>fuit.</strong></span> <span class='ocrx_word' id='word_1_185' title='bbox 3074 1338 3447 1409; x_wconf 83' lang='lat' dir='ltr'><strong>Vespasianus</strong></span> <span class='ocrx_word' id='word_1_186' title='bbox 3473 1349 3656 1395; x_wconf 89' lang='lat' dir='ltr'><strong>autem</strong></span> <span class='ocrx_word' id='word_1_187' title='bbox 3684 1339 3742 1395; x_wconf 92' lang='lat' dir='ltr'><strong>in</strong></span> 
     </span>
     <span class='ocr_line' id='line_1_28' title="bbox 2142 1433 3731 1509; baseline -0.002 -18"><span class='ocrx_word' id='word_1_188' title='bbox 2142 1437 2271 1493; x_wconf 70' lang='lat' dir='ltr'><strong>villa</strong></span> <span class='ocrx_word' id='word_1_189' title='bbox 2304 1435 2523 1509; x_wconf 87' lang='lat' dir='ltr'><strong>propria</strong></span> <span class='ocrx_word' id='word_1_190' title='bbox 2562 1436 2709 1492; x_wconf 85' lang='lat' dir='ltr'><strong>circa</strong></span> <span class='ocrx_word' id='word_1_191' title='bbox 2748 1433 2979 1491; x_wconf 82' lang='lat' dir='ltr'><strong>Sabinos</strong></span> <span class='ocrx_word' id='word_1_192' title='bbox 3032 1447 3176 1487; x_wconf 86' lang='lat' dir='ltr'><strong>nono</strong></span> <span class='ocrx_word' id='word_1_193' title='bbox 3215 1446 3361 1488; x_wconf 90' lang='lat' dir='ltr'><strong>auno</strong></span> <span class='ocrx_word' id='word_1_194' title='bbox 3394 1434 3731 1503; x_wconf 76' lang='lat' dir='ltr'><strong>principatus</strong></span> 
     </span>
     <span class='ocr_line' id='line_1_29' title="bbox 2140 1525 3733 1601; baseline -0.003 -14"><span class='ocrx_word' id='word_1_195' title='bbox 2140 1530 2223 1587; x_wconf 78' lang='lat' dir='ltr'><strong>sui</strong></span> <span class='ocrx_word' id='word_1_196' title='bbox 2253 1529 2521 1601; x_wconf 84' lang='lat' dir='ltr'><strong>profluvio</strong></span> <span class='ocrx_word' id='word_1_197' title='bbox 2564 1527 2775 1585; x_wconf 84' lang='lat' dir='ltr'><strong>ventris</strong></span> <span class='ocrx_word' id='word_1_198' title='bbox 2807 1537 3054 1584; x_wconf 86' lang='lat' dir='ltr'><strong>mortuns</strong></span> <span class='ocrx_word' id='word_1_199' title='bbox 3080 1535 3186 1585; x_wconf 87' lang='lat' dir='ltr'><strong>est.</strong></span> <span class='ocrx_word' id='word_1_200' title='bbox 3221 1528 3265 1561; x_wconf 77' lang='lat'><strong>’⁹</strong></span> <span class='ocrx_word' id='word_1_201' title='bbox 3291 1526 3452 1593; x_wconf 84' lang='lat' dir='ltr'><strong>Anno</strong></span> <span class='ocrx_word' id='word_1_202' title='bbox 3473 1528 3555 1595; x_wconf 58' lang='lat' dir='ltr'><strong>,ab</strong></span> <span class='ocrx_word' id='word_1_203' title='bbox 3585 1525 3733 1583; x_wconf 85' lang='lat' dir='ltr'><strong>Urbo</strong></span> 
     </span>
     <span class='ocr_line' id='line_1_30' title="bbox 2141 1619 3741 1695; baseline -0.002 -13"><span class='ocrx_word' id='word_1_204' title='bbox 2141 1625 2359 1682; x_wconf 70' lang='lat' dir='ltr'><strong>contuita</strong></span> <span class='ocrx_word' id='word_1_205' title='bbox 2399 1623 2854 1695; x_wconf 76' lang='lat' dir='ltr'><strong>octingentesimo</strong></span> <span class='ocrx_word' id='word_1_206' title='bbox 2888 1621 3153 1693; x_wconf 76' lang='lat' dir='ltr'><strong>vigesimo</strong></span> <span class='ocrx_word' id='word_1_207' title='bbox 3194 1628 3410 1688; x_wconf 83' lang='lat' dir='ltr'><strong>octavo,</strong></span> <span class='ocrx_word' id='word_1_208' title='bbox 3457 1619 3616 1676; x_wconf 86' lang='lat' dir='ltr'><strong>Titus</strong></span> <span class='ocrx_word' id='word_1_209' title='bbox 3648 1634 3741 1679; x_wconf 83' lang='lat' dir='ltr'><strong>se-</strong></span> 
     </span>
     <span class='ocr_line' id='line_1_31' title="bbox 2141 1711 3740 1790; baseline -0.002 -18"><span class='ocrx_word' id='word_1_210' title='bbox 2141 1719 2379 1790; x_wconf 79' lang='lat' dir='ltr'><strong>gregatis</strong></span> <span class='ocrx_word' id='word_1_211' title='bbox 2408 1732 2438 1773; x_wconf 89' lang='lat' dir='ltr'><strong>a</strong></span> <span class='ocrx_word' id='word_1_212' title='bbox 2471 1732 2704 1774; x_wconf 87' lang='lat' dir='ltr'><strong>numero</strong></span> <span class='ocrx_word' id='word_1_213' title='bbox 2728 1715 3035 1787; x_wconf 85' lang='lat' dir='ltr'><strong>principum</strong></span> <span class='ocrx_word' id='word_1_214' title='bbox 3061 1713 3276 1770; x_wconf 80' lang='lat' dir='ltr'><strong>Othone</strong></span> <span class='ocrx_word' id='word_1_215' title='bbox 3303 1719 3360 1770; x_wconf 89' lang='lat' dir='ltr'><strong>el.</strong></span> <span class='ocrx_word' id='word_1_216' title='bbox 3393 1712 3633 1785; x_wconf 73' lang='lat' dir='ltr'><strong>Vitellio,</strong></span> <span class='ocrx_word' id='word_1_217' title='bbox 3669 1711 3740 1769; x_wconf 88' lang='lat' dir='ltr'><strong>ab</strong></span> 
     </span>
     <span class='ocr_line' id='line_1_32' title="bbox 2142 1805 3739 1883; baseline -0.004 -16"><span class='ocrx_word' id='word_1_218' title='bbox 2142 1811 2386 1883; x_wconf 79' lang='lat' dir='ltr'><strong>Augusto</strong></span> <span class='ocrx_word' id='word_1_219' title='bbox 2415 1818 2660 1881; x_wconf 82' lang='lat' dir='ltr'><strong>octavus,</strong></span> <span class='ocrx_word' id='word_1_220' title='bbox 2687 1808 2911 1865; x_wconf 90' lang='lat' dir='ltr'><strong>biennio</strong></span> <span class='ocrx_word' id='word_1_221' title='bbox 2945 1816 3074 1878; x_wconf 90' lang='lat' dir='ltr'><strong>post</strong></span> <span class='ocrx_word' id='word_1_222' title='bbox 3114 1805 3509 1878; x_wconf 78' lang='lat' dir='ltr'><strong>Vespasianum</strong></span> <span class='ocrx_word' id='word_1_223' title='bbox 3543 1818 3739 1875; x_wconf 73' lang='lat' dir='ltr'><strong>regna-</strong></span> 
     </span>
    </p>
   </div>
   <div class='ocr_carea' id='block_1_7' title="bbox 437 1896 3742 1977">
    <p class='ocr_par' dir='ltr' id='par_1_7' title="bbox 437 1896 3742 1977">
     <span class='ocr_line' id='line_1_33' title="bbox 437 1896 3742 1977; baseline -0.005 -9"><span class='ocrx_word' id='word_1_224' title='bbox 437 1910 606 1955; x_wconf 79' lang='lat' dir='ltr'><strong>tasse.</strong></span> <span class='ocrx_word' id='word_1_225' title='bbox 640 1898 742 1968; x_wconf 75' lang='lat' dir='ltr'><strong>Qui</strong></span> <span class='ocrx_word' id='word_1_226' title='bbox 777 1898 1038 1955; x_wconf 68' lang='grc' dir='ltr'><strong>θθΰῑῑῐῑῦθ</strong></span> <span class='ocrx_word' id='word_1_227' title='bbox 1068 1897 1324 1955; x_wconf 63' lang='lat' dir='ltr'><strong>Omnibus</strong></span> <span class='ocrx_word' id='word_1_228' title='bbox 1356 1899 1513 1956; x_wconf 72' lang='lat' dir='ltr'><strong>bellis</strong></span> <span class='ocrx_word' id='word_1_229' title='bbox 1543 1900 1593 1931; x_wconf 81' lang='lat'><strong>’³</strong></span> <span class='ocrx_word' id='word_1_230' title='bbox 1621 1913 1687 1955; x_wconf 67' lang='lat'><strong>³0</strong></span> <span class='ocrx_word' id='word_1_231' title='bbox 1713 1899 2031 1955; x_wconf 80' lang='lat' dir='ltr'><strong>tumultibus</strong></span> <span class='ocrx_word' id='word_1_232' title='bbox 2063 1914 2113 1975; x_wconf 83' lang='grc' dir='ltr'><strong><em>Β</em></strong></span> <span class='ocrx_word' id='word_1_233' title='bbox 2140 1907 2239 1963; x_wconf 80' lang='lat' dir='ltr'><strong>vit.</strong></span> <span class='ocrx_word' id='word_1_234' title='bbox 2268 1903 2435 1977; x_wconf 85' lang='lat' dir='ltr'><strong>Cujus</strong></span> <span class='ocrx_word' id='word_1_235' title='bbox 2467 1913 2615 1960; x_wconf 86' lang='lat' dir='ltr'><strong>tanta</strong></span> <span class='ocrx_word' id='word_1_236' title='bbox 2646 1901 3011 1975; x_wconf 87' lang='lat' dir='ltr'><strong>tranquillitas</strong></span> <span class='ocrx_word' id='word_1_237' title='bbox 3035 1901 3091 1954; x_wconf 92' lang='lat' dir='ltr'><strong>in</strong></span> <span class='ocrx_word' id='word_1_238' title='bbox 3123 1898 3358 1971; x_wconf 84' lang='lat' dir='ltr'><strong>imperio</strong></span> <span class='ocrx_word' id='word_1_239' title='bbox 3385 1897 3505 1965; x_wconf 91' lang='lat' dir='ltr'><strong>fuit,</strong></span> <span class='ocrx_word' id='word_1_240' title='bbox 3540 1905 3599 1953; x_wconf 89' lang='lat' dir='ltr'><strong>ut</strong></span> <span class='ocrx_word' id='word_1_241' title='bbox 3623 1896 3742 1953; x_wconf 84' lang='lat' dir='ltr'><strong>nul·</strong></span> 
     </span>
    </p>
   </div>
   <div class='ocr_carea' id='block_1_8' title="bbox 429 1990 3730 2257">
    <p class='ocr_par' dir='ltr' id='par_1_8' title="bbox 429 1990 3730 2257">
     <span class='ocr_line' id='line_1_34' title="bbox 429 1990 3730 2069; baseline 0 -24"><span class='ocrx_word' id='word_1_242' title='bbox 429 1990 580 2047; x_wconf 85' lang='lat' dir='ltr'><strong>domi</strong></span> <span class='ocrx_word' id='word_1_243' title='bbox 626 1991 871 2061; x_wconf 83' lang='lat' dir='ltr'><strong>forisque</strong></span> <span class='ocrx_word' id='word_1_244' title='bbox 911 1990 1265 2060; x_wconf 78' lang='lat' dir='ltr'><strong>compressis,</strong></span> <span class='ocrx_word' id='word_1_245' title='bbox 1299 2005 1487 2062; x_wconf 82' lang='lat' dir='ltr'><strong>pacem</strong></span> <span class='ocrx_word' id='word_1_246' title='bbox 1516 1992 1683 2048; x_wconf 89' lang='lat' dir='ltr'><strong>totius</strong></span> <span class='ocrx_word' id='word_1_247' title='bbox 1718 1992 1869 2049; x_wconf 84' lang='lat' dir='ltr'><strong>orbis</strong></span> <span class='ocrx_word' id='word_1_248' title='bbox 1898 2008 2027 2063; x_wconf 87' lang='lat' dir='ltr'><strong>pro-</strong></span> <span class='ocrx_word' id='word_1_249' title='bbox 2141 2000 2245 2055; x_wconf 79' lang='lat' dir='ltr'><strong>lius</strong></span> <span class='ocrx_word' id='word_1_250' title='bbox 2275 2001 2502 2055; x_wconf 81' lang='lat' dir='ltr'><strong>omnino</strong></span> <span class='ocrx_word' id='word_1_251' title='bbox 2540 1997 2862 2069; x_wconf 82' lang='lat' dir='ltr'><strong>sanguinem</strong></span> <span class='ocrx_word' id='word_1_252' title='bbox 2894 1997 2945 2051; x_wconf 92' lang='lat' dir='ltr'><strong>in</strong></span> <span class='ocrx_word' id='word_1_253' title='bbox 2978 1993 3256 2066; x_wconf 85' lang='lat' dir='ltr'><strong>republica</strong></span> <span class='ocrx_word' id='word_1_254' title='bbox 3295 1991 3730 2048; x_wconf 78' lang='lat' dir='ltr'><strong>administranda</strong></span> 
     </span>
     <span class='ocr_line' id='line_1_35' title="bbox 431 2080 3726 2153; baseline 0.002 -17"><span class='ocrx_word' id='word_1_255' title='bbox 431 2082 854 2150; x_wconf 82' lang='lat' dir='ltr'><strong>nuntiaverunt,</strong></span> <span class='ocrx_word' id='word_1_256' title='bbox 880 2090 935 2138; x_wconf 91' lang='lat' dir='ltr'><strong>et</strong></span> <span class='ocrx_word' id='word_1_257' title='bbox 963 2080 1463 2153; x_wconf 81' lang='lat' dir='ltr'><strong>Janumgemiumn</strong></span> <span class='ocrx_word' id='word_1_258' title='bbox 1494 2084 1765 2141; x_wconf 86' lang='lat' dir='ltr'><strong>obseratis</strong></span> <span class='ocrx_word' id='word_1_259' title='bbox 1789 2085 2031 2141; x_wconf 86' lang='lat' dir='ltr'><strong>cobiberi</strong></span> <span class='ocrx_word' id='word_1_260' title='bbox 2131 2092 2340 2148; x_wconf 79' lang='lat' dir='ltr'><strong>fudisse</strong></span> <span class='ocrx_word' id='word_1_261' title='bbox 2383 2089 2672 2147; x_wconf 86' lang='lat' dir='ltr'><strong>referatur.</strong></span> <span class='ocrx_word' id='word_1_262' title='bbox 2727 2088 2795 2143; x_wconf 86' lang='lat' dir='ltr'><strong>Et</strong></span> <span class='ocrx_word' id='word_1_263' title='bbox 2842 2096 3026 2144; x_wconf 85' lang='lat' dir='ltr'><strong>tamen</strong></span> <span class='ocrx_word' id='word_1_264' title='bbox 3058 2094 3189 2142; x_wconf 89' lang='lat' dir='ltr'><strong>tunc</strong></span> <span class='ocrx_word' id='word_1_265' title='bbox 3234 2085 3423 2141; x_wconf 76' lang='lat' dir='ltr'><strong>ttomae</strong></span> <span class='ocrx_word' id='word_1_266' title='bbox 3466 2092 3588 2140; x_wconf 81' lang='lat' dir='ltr'><strong>orto</strong></span> <span class='ocrx_word' id='word_1_267' title='bbox 3636 2098 3726 2141; x_wconf 83' lang='lat' dir='ltr'><strong>re-</strong></span> 
     </span>
     <span class='ocr_line' id='line_1_36' title="bbox 430 2173 3725 2257; baseline 0.001 -28"><span class='ocrx_word' id='word_1_268' title='bbox 430 2174 717 2242; x_wconf 85' lang='lat' dir='ltr'><strong>claustris,</strong></span> <span class='ocrx_word' id='word_1_269' title='bbox 748 2173 797 2206; x_wconf 79' lang='lat'><strong>¹⁸</strong></span> <span class='ocrx_word' id='word_1_270' title='bbox 836 2184 998 2231; x_wconf 84' lang='lat' dir='ltr'><strong>sexto</strong></span> <span class='ocrx_word' id='word_1_271' title='bbox 1039 2174 1256 2231; x_wconf 90' lang='lat' dir='ltr'><strong>demum</strong></span> <span class='ocrx_word' id='word_1_272' title='bbox 1300 2173 1399 2249; x_wconf 89' lang='lat' dir='ltr'><strong>ipsi</strong></span> <span class='ocrx_word' id='word_1_273' title='bbox 1448 2186 1571 2247; x_wconf 89' lang='lat' dir='ltr'><strong>post</strong></span> <span class='ocrx_word' id='word_1_274' title='bbox 1619 2177 1820 2235; x_wconf 87' lang='lat' dir='ltr'><strong>Urbem</strong></span> <span class='ocrx_word' id='word_1_275' title='bbox 1867 2179 2032 2255; x_wconf 66' lang='lat'><strong>402</strong></span> <span class='ocrx_word' id='word_1_276' title='bbox 2133 2194 2298 2257; x_wconf 91' lang='lat' dir='ltr'><strong>pente</strong></span> <span class='ocrx_word' id='word_1_277' title='bbox 2327 2182 2604 2253; x_wconf 87' lang='lat' dir='ltr'><strong>incendio,</strong></span> <span class='ocrx_word' id='word_1_278' title='bbox 2638 2181 2888 2256; x_wconf 82' lang='lat' dir='ltr'><strong>plurima:</strong></span> <span class='ocrx_word' id='word_1_279' title='bbox 2917 2179 3065 2238; x_wconf 79' lang='lat' dir='ltr'><strong>aedes</strong></span> <span class='ocrx_word' id='word_1_280' title='bbox 3092 2178 3321 2253; x_wconf 72' lang='lat' dir='ltr'><strong>publicae</strong></span> <span class='ocrx_word' id='word_1_281' title='bbox 3363 2182 3725 2233; x_wconf 79' lang='lat' dir='ltr'><strong>concrematae</strong></span> 
     </span>
    </p>
   </div>
   <div class='ocr_carea' id='block_1_9' title="bbox 1718 2360 2446 2423">
    <p class='ocr_par' dir='ltr' id='par_1_9' title="bbox 1718 2360 2446 2423">
     <span class='ocr_line' id='line_1_37' title="bbox 1718 2360 2446 2423; baseline 0.007 -7"><span class='ocrx_word' id='word_1_282' title='bbox 1718 2360 2171 2419; x_wconf 69' lang='lat' dir='ltr'><strong>HAVERCAMPt</strong></span> <span class='ocrx_word' id='word_1_283' title='bbox 2210 2360 2446 2423; x_wconf 79' lang='lat' dir='ltr'><strong>NOTAE.</strong></span> 
     </span>
    </p>
   </div>
   <div class='ocr_carea' id='block_1_10' title="bbox 427 2490 2035 3146">
    <p class='ocr_par' dir='ltr' id='par_1_10' title="bbox 431 2490 2033 2709">
     <span class='ocr_line' id='line_1_38' title="bbox 459 2490 2033 2586; baseline 0.001 -34"><span class='ocrx_word' id='word_1_284' title='bbox 459 2569 475 2586; x_wconf 80' lang='lat'><strong>.</strong></span> <span class='ocrx_word' id='word_1_285' title='bbox 507 2499 596 2553; x_wconf 69' lang='lat'><strong>¹8.</strong></span> <span class='ocrx_word' id='word_1_286' title='bbox 638 2492 902 2567; x_wconf 73' lang='lat' dir='ltr'><strong>losephtts</strong></span> <span class='ocrx_word' id='word_1_287' title='bbox 923 2508 1065 2563; x_wconf 76' lang='lat' dir='ltr'><strong>vero,</strong></span> <span class='ocrx_word' id='word_1_288' title='bbox 1096 2490 1173 2552; x_wconf 80' lang='lat' dir='ltr'><strong>De</strong></span> <span class='ocrx_word' id='word_1_289' title='bbox 1204 2492 1348 2550; x_wconf 87' lang='lat' dir='ltr'><strong>bello</strong></span> <span class='ocrx_word' id='word_1_290' title='bbox 1370 2491 1593 2551; x_wconf 74' lang='lat' dir='ltr'><strong>ludaico</strong></span> <span class='ocrx_word' id='word_1_291' title='bbox 1621 2494 1716 2552; x_wconf 88' lang='lat' dir='ltr'><strong>lib.</strong></span> <span class='ocrx_word' id='word_1_292' title='bbox 1744 2513 1843 2566; x_wconf 84' lang='lat' dir='ltr'><strong>vn,</strong></span> <span class='ocrx_word' id='word_1_293' title='bbox 1864 2512 1915 2554; x_wconf 90' lang='lat' dir='ltr'><strong>c.</strong></span> <span class='ocrx_word' id='word_1_294' title='bbox 1947 2499 2033 2554; x_wconf 75' lang='lat'><strong>17.</strong></span> 
     </span>
     <span class='ocr_line' id='line_1_39' title="bbox 431 2569 1600 2709; baseline -0.002 -12"><span class='ocrx_word' id='word_1_295' title='bbox 431 2569 607 2697; x_wconf 47' lang='grc' dir='ltr'><strong>ἣξεις..</strong></span> <span class='ocrx_word' id='word_1_296' title='bbox 644 2636 855 2695; x_wconf 77' lang='lat' dir='ltr'><strong>Scribit.</strong></span> <span class='ocrx_word' id='word_1_297' title='bbox 902 2634 1151 2693; x_wconf 80' lang='lat' dir='ltr'><strong>Florem.</strong></span> <span class='ocrx_word' id='word_1_298' title='bbox 1187 2650 1334 2705; x_wconf 88' lang='lat' dir='ltr'><strong>sec.‚</strong></span> <span class='ocrx_word' id='word_1_299' title='bbox 1371 2637 1600 2709; x_wconf 74' lang='lat' dir='ltr'><strong>scripsit.</strong></span> 
     </span>
    </p>

    <p class='ocr_par' dir='ltr' id='par_1_11' title="bbox 503 2706 1440 2776">
     <span class='ocr_line' id='line_1_40' title="bbox 503 2706 1440 2776; baseline -0.003 -10"><span class='ocrx_word' id='word_1_300' title='bbox 503 2708 601 2766; x_wconf 76' lang='lat'><strong>20.</strong></span> <span class='ocrx_word' id='word_1_301' title='bbox 641 2707 895 2764; x_wconf 75' lang='lat' dir='ltr'><strong>Diversis.</strong></span> <span class='ocrx_word' id='word_1_302' title='bbox 925 2706 1177 2764; x_wconf 83' lang='lat' dir='ltr'><strong>Pcrlzou.</strong></span> <span class='ocrx_word' id='word_1_303' title='bbox 1204 2752 1217 2776; x_wconf 87' lang='lat'>‚</span> <span class='ocrx_word' id='word_1_304' title='bbox 1259 2708 1440 2764; x_wconf 81' lang='lat' dir='ltr'><strong>variis.</strong></span> 
     </span>
    </p>

    <p class='ocr_par' dir='ltr' id='par_1_12' title="bbox 427 2778 2035 3146">
     <span class='ocr_line' id='line_1_41' title="bbox 501 2778 2034 2853; baseline 0.001 -15"><span class='ocrx_word' id='word_1_305' title='bbox 501 2783 601 2838; x_wconf 72' lang='lat'><strong>2¹.</strong></span> <span class='ocrx_word' id='word_1_306' title='bbox 646 2780 974 2853; x_wconf 70' lang='lat' dir='ltr'><strong>Nonayinta.</strong></span> <span class='ocrx_word' id='word_1_307' title='bbox 999 2778 1170 2851; x_wconf 78' lang='lat' dir='ltr'><strong>Lugd.</strong></span> <span class='ocrx_word' id='word_1_308' title='bbox 1198 2781 1315 2835; x_wconf 81' lang='lat' dir='ltr'><strong>Bat.</strong></span> <span class='ocrx_word' id='word_1_309' title='bbox 1352 2791 1479 2835; x_wconf 85' lang='lat' dir='ltr'><strong>tert.</strong></span> <span class='ocrx_word' id='word_1_310' title='bbox 1505 2788 1562 2836; x_wconf 83' lang='lat' dir='ltr'><strong>et</strong></span> <span class='ocrx_word' id='word_1_311' title='bbox 1582 2778 1723 2838; x_wconf 86' lang='lat' dir='ltr'><strong>Coll.</strong></span> <span class='ocrx_word' id='word_1_312' title='bbox 1750 2781 1989 2840; x_wconf 84' lang='lat' dir='ltr'><strong>Gronov.</strong></span> <span class='ocrx_word' id='word_1_313' title='bbox 2019 2825 2034 2852; x_wconf 92' lang='lat'><strong>,</strong></span> 
     </span>
     <span class='ocr_line' id='line_1_42' title="bbox 430 2862 2034 3005; baseline 0.001 -24"><span class='ocrx_word' id='word_1_314' title='bbox 430 2862 1003 2993; x_wconf 43' lang='lat' dir='ltr'><strong>mssfnssffgspmam</strong></span> <span class='ocrx_word' id='word_1_315' title='bbox 1038 2933 1087 2979; x_wconf 80' lang='lat' dir='ltr'><strong>et</strong></span> <span class='ocrx_word' id='word_1_316' title='bbox 1126 2920 1297 3005; x_wconf 56' lang='lat' dir='ltr'><strong>Titus.</strong></span> <span class='ocrx_word' id='word_1_317' title='bbox 1338 2921 1631 2981; x_wconf 87' lang='lat' dir='ltr'><strong>Victoriam</strong></span> <span class='ocrx_word' id='word_1_318' title='bbox 1686 2925 1825 2981; x_wconf 84' lang='lat' dir='ltr'><strong>banc</strong></span> <span class='ocrx_word' id='word_1_319' title='bbox 1869 2937 2034 2998; x_wconf 84' lang='lat' dir='ltr'><strong>atque</strong></span> 
     </span>
     <span class='ocr_line' id='line_1_43' title="bbox 431 2994 2035 3066; baseline 0.001 -13"><span class='ocrx_word' id='word_1_320' title='bbox 431 2995 776 3066; x_wconf 82' lang='lat' dir='ltr'><strong>triumphum</strong></span> <span class='ocrx_word' id='word_1_321' title='bbox 811 2995 991 3062; x_wconf 85' lang='lat' dir='ltr'><strong>plures</strong></span> <span class='ocrx_word' id='word_1_322' title='bbox 1012 3004 1068 3048; x_wconf 84' lang='lat' dir='ltr'><strong>ct</strong></span> <span class='ocrx_word' id='word_1_323' title='bbox 1087 2994 1292 3048; x_wconf 75' lang='lat' dir='ltr'><strong>diversi</strong></span> <span class='ocrx_word' id='word_1_324' title='bbox 1315 2994 1534 3064; x_wconf 79' lang='lat' dir='ltr'><strong>generis</strong></span> <span class='ocrx_word' id='word_1_325' title='bbox 1563 2995 1842 3052; x_wconf 78' lang='lat' dir='ltr'><strong>celebrant</strong></span> <span class='ocrx_word' id='word_1_326' title='bbox 1875 3014 2035 3055; x_wconf 90' lang='lat' dir='ltr'><strong>nnm-</strong></span> 
     </span>
     <span class='ocr_line' id='line_1_44' title="bbox 427 3065 2025 3146; baseline 0 -22"><span class='ocrx_word' id='word_1_327' title='bbox 427 3070 532 3135; x_wconf 88' lang='lat' dir='ltr'><strong>mi,</strong></span> <span class='ocrx_word' id='word_1_328' title='bbox 566 3080 675 3138; x_wconf 90' lang='lat' dir='ltr'><strong>quo</strong></span> <span class='ocrx_word' id='word_1_329' title='bbox 705 3067 890 3121; x_wconf 82' lang='lat' dir='ltr'><strong>refero</strong></span> <span class='ocrx_word' id='word_1_330' title='bbox 929 3065 1383 3146; x_wconf 77' lang='lat' dir='ltr'><strong>pulcherrimum,</strong></span> <span class='ocrx_word' id='word_1_331' title='bbox 1438 3080 1596 3136; x_wconf 61' lang='lat' dir='ltr'><strong>qui-m</strong></span> <span class='ocrx_word' id='word_1_332' title='bbox 1639 3081 1820 3129; x_wconf 79' lang='lat' dir='ltr'><strong>servo.</strong></span> <span class='ocrx_word' id='word_1_333' title='bbox 1856 3067 2025 3124; x_wconf 87' lang='lat' dir='ltr'><strong>incdi-</strong></span> 
     </span>
    </p>
   </div>
   <div class='ocr_carea' id='block_1_11' title="bbox 427 3136 2037 3210">
    <p class='ocr_par' dir='ltr' id='par_1_13' title="bbox 427 3136 2037 3210">
     <span class='ocr_line' id='line_1_45' title="bbox 427 3136 2037 3210; baseline 0.002 -14"><span class='ocrx_word' id='word_1_334' title='bbox 427 3150 573 3207; x_wconf 84' lang='lat' dir='ltr'><strong>tutn,</strong></span> <span class='ocrx_word' id='word_1_335' title='bbox 601 3138 789 3210; x_wconf 73' lang='lat' dir='ltr'><strong>primm</strong></span> <span class='ocrx_word' id='word_1_336' title='bbox 810 3138 1197 3207; x_wconf 75' lang='lat' dir='ltr'><strong>magnitudinis</strong></span> <span class='ocrx_word' id='word_1_337' title='bbox 1215 3176 1232 3201; x_wconf 91' lang='lat'><strong>,</strong></span> <span class='ocrx_word' id='word_1_338' title='bbox 1261 3136 1316 3192; x_wconf 90' lang='lat' dir='ltr'><strong>iu</strong></span> <span class='ocrx_word' id='word_1_339' title='bbox 1345 3150 1455 3207; x_wconf 91' lang='lat' dir='ltr'><strong>quo</strong></span> <span class='ocrx_word' id='word_1_340' title='bbox 1481 3137 1721 3195; x_wconf 79' lang='lat' dir='ltr'><strong>Victoria</strong></span> <span class='ocrx_word' id='word_1_341' title='bbox 1743 3138 2037 3210; x_wconf 72' lang='lat' dir='ltr'><strong>imperato-</strong></span> 
     </span>
    </p>
   </div>
   <div class='ocr_carea' id='block_1_12' title="bbox 2142 2491 3748 3069">
    <p class='ocr_par' dir='ltr' id='par_1_14' title="bbox 2142 2491 3748 3069">
     <span class='ocr_line' id='line_1_46' title="bbox 2148 2491 3741 2577; baseline -0.004 -21"><span class='ocrx_word' id='word_1_342' title='bbox 2148 2502 2214 2566; x_wconf 87' lang='lat' dir='ltr'><strong>rl,</strong></span> <span class='ocrx_word' id='word_1_343' title='bbox 2245 2516 2312 2557; x_wconf 78' lang='lat' dir='ltr'><strong>ex</strong></span> <span class='ocrx_word' id='word_1_344' title='bbox 2338 2500 2576 2557; x_wconf 78' lang='lat' dir='ltr'><strong>adverso</strong></span> <span class='ocrx_word' id='word_1_345' title='bbox 2599 2499 2786 2565; x_wconf 88' lang='lat' dir='ltr'><strong>stanti,</strong></span> <span class='ocrx_word' id='word_1_346' title='bbox 2821 2504 3085 2568; x_wconf 77' lang='lat' dir='ltr'><strong>tropaeum</strong></span> <span class='ocrx_word' id='word_1_347' title='bbox 3129 2495 3183 2549; x_wconf 90' lang='lat' dir='ltr'><strong>in</strong></span> <span class='ocrx_word' id='word_1_348' title='bbox 3216 2508 3410 2550; x_wconf 78' lang='lat' dir='ltr'><strong>manus</strong></span> <span class='ocrx_word' id='word_1_349' title='bbox 3439 2491 3624 2577; x_wconf 67' lang='lat' dir='ltr'><strong>tradit,</strong></span> <span class='ocrx_word' id='word_1_350' title='bbox 3646 2494 3741 2576; x_wconf 78' lang='lat' dir='ltr'><strong>qui</strong></span> 
     </span>
     <span class='ocr_line' id='line_1_47' title="bbox 2146 2566 3744 2701; baseline -0.005 -2"><span class='ocrx_word' id='word_1_351' title='bbox 2146 2566 3744 2701; x_wconf 52' lang='lat' dir='ltr'><strong>t11t3ss0a.³ffi‘⁰tu⁵3t⁵²sft⁵.”‘awanatttxstftz‘a&#39;tae</strong></span> 
     </span>
     <span class='ocr_line' id='line_1_48' title="bbox 2148 2680 3740 2779; baseline -0.004 -9"><span class='ocrx_word' id='word_1_352' title='bbox 2148 2714 2355 2771; x_wconf 83' lang='lat' dir='ltr'><strong>mitiaui</strong></span> <span class='ocrx_word' id='word_1_353' title='bbox 2385 2713 2642 2779; x_wconf 77' lang='lat' dir='ltr'><strong>fratrum,</strong></span> <span class='ocrx_word' id='word_1_354' title='bbox 2673 2712 2775 2766; x_wconf 85' lang='lat' dir='ltr'><strong>sub</strong></span> <span class='ocrx_word' id='word_1_355' title='bbox 2820 2680 2946 2767; x_wconf 57' lang='lat' dir='ltr'><strong>T⁰ito</strong></span> <span class='ocrx_word' id='word_1_356' title='bbox 2971 2723 3160 2765; x_wconf 89' lang='lat' dir='ltr'><strong>cusum</strong></span> <span class='ocrx_word' id='word_1_357' title='bbox 3190 2705 3619 2778; x_wconf 84' lang='lat' dir='ltr'><strong>pulcherrimum</strong></span> <span class='ocrx_word' id='word_1_358' title='bbox 3653 2721 3740 2763; x_wconf 90' lang='lat' dir='ltr'><strong>re-</strong></span> 
     </span>
     <span class='ocr_line' id='line_1_49' title="bbox 2149 2776 3740 2854; baseline -0.006 -12"><span class='ocrx_word' id='word_1_359' title='bbox 2149 2786 2268 2842; x_wconf 87' lang='lat' dir='ltr'><strong>fero</strong></span> <span class='ocrx_word' id='word_1_360' title='bbox 2293 2786 2545 2849; x_wconf 89' lang='lat' dir='ltr'><strong>alterum,</strong></span> <span class='ocrx_word' id='word_1_361' title='bbox 2579 2784 2669 2854; x_wconf 88' lang='lat' dir='ltr'><strong>qui</strong></span> <span class='ocrx_word' id='word_1_362' title='bbox 2699 2797 2865 2851; x_wconf 85' lang='lat' dir='ltr'><strong>penes</strong></span> <span class='ocrx_word' id='word_1_363' title='bbox 2894 2796 2981 2836; x_wconf 91' lang='lat' dir='ltr'><strong>mc</strong></span> <span class='ocrx_word' id='word_1_364' title='bbox 3001 2790 3107 2846; x_wconf 88' lang='lat' dir='ltr'><strong>est,</strong></span> <span class='ocrx_word' id='word_1_365' title='bbox 3132 2778 3378 2850; x_wconf 86' lang='lat' dir='ltr'><strong>ejusdem</strong></span> <span class='ocrx_word' id='word_1_366' title='bbox 3410 2776 3740 2848; x_wconf 76' lang='lat' dir='ltr'><strong>magnitudi-</strong></span> 
     </span>
     <span class='ocr_line' id='line_1_50' title="bbox 2147 2848 3744 2924; baseline -0.006 -11"><span class='ocrx_word' id='word_1_367' title='bbox 2147 2858 2251 2924; x_wconf 79' lang='lat' dir='ltr'><strong>nis,</strong></span> <span class='ocrx_word' id='word_1_368' title='bbox 2283 2866 2339 2911; x_wconf 86' lang='lat' dir='ltr'><strong>et</strong></span> <span class='ocrx_word' id='word_1_369' title='bbox 2370 2856 2658 2922; x_wconf 89' lang='lat' dir='ltr'><strong>ineditum,</strong></span> <span class='ocrx_word' id='word_1_370' title='bbox 2689 2855 2741 2908; x_wconf 88' lang='lat' dir='ltr'><strong>in</strong></span> <span class='ocrx_word' id='word_1_371' title='bbox 2764 2867 2871 2923; x_wconf 93' lang='lat' dir='ltr'><strong>quo</strong></span> <span class='ocrx_word' id='word_1_372' title='bbox 2900 2852 3246 2908; x_wconf 88' lang='lat' dir='ltr'><strong>Domitianus</strong></span> <span class='ocrx_word' id='word_1_373' title='bbox 3271 2856 3328 2905; x_wconf 85' lang='lat' dir='ltr'><strong>et</strong></span> <span class='ocrx_word' id='word_1_374' title='bbox 3354 2848 3509 2904; x_wconf 81' lang='lat' dir='ltr'><strong>Titus</strong></span> <span class='ocrx_word' id='word_1_375' title='bbox 3535 2857 3744 2904; x_wconf 80' lang='lat' dir='ltr'><strong>stantes</strong></span> 
     </span>
     <span class='ocr_line' id='line_1_51' title="bbox 2145 2918 3748 2997; baseline -0.007 -12"><span class='ocrx_word' id='word_1_376' title='bbox 2145 2946 2211 2985; x_wconf 80' lang='lat' dir='ltr'><strong>ex</strong></span> <span class='ocrx_word' id='word_1_377' title='bbox 2240 2930 2469 2983; x_wconf 71' lang='lat' dir='ltr'><strong>adverso</strong></span> <span class='ocrx_word' id='word_1_378' title='bbox 2492 2931 2659 2997; x_wconf 76' lang='lat' dir='ltr'><strong>togati</strong></span> <span class='ocrx_word' id='word_1_379' title='bbox 2684 2925 2909 2981; x_wconf 85' lang='lat' dir='ltr'><strong>dextras</strong></span> <span class='ocrx_word' id='word_1_380' title='bbox 2930 2923 3028 2993; x_wconf 80' lang='lat' dir='ltr'><strong>jun</strong></span> <span class='ocrx_word' id='word_1_381' title='bbox 3072 2933 3190 2989; x_wconf 86' lang='lat' dir='ltr'><strong>unt,</strong></span> <span class='ocrx_word' id='word_1_382' title='bbox 3217 2922 3318 2977; x_wconf 86' lang='lat' dir='ltr'><strong>dea</strong></span> <span class='ocrx_word' id='word_1_383' title='bbox 3344 2918 3555 2979; x_wconf 87' lang='lat' dir='ltr'><strong>Pietate</strong></span> <span class='ocrx_word' id='word_1_384' title='bbox 3576 2920 3748 2977; x_wconf 83' lang='lat' dir='ltr'><strong>inter-</strong></span> 
     </span>
     <span class='ocr_line' id='line_1_52' title="bbox 2142 2988 3748 3069; baseline -0.006 -13"><span class='ocrx_word' id='word_1_385' title='bbox 2142 2998 2344 3059; x_wconf 87' lang='lat' dir='ltr'><strong>media,</strong></span> <span class='ocrx_word' id='word_1_386' title='bbox 2395 2998 2683 3055; x_wconf 84' lang='lat' dir='ltr'><strong>ascribitur</strong></span> <span class='ocrx_word' id='word_1_387' title='bbox 2732 2995 3004 3069; x_wconf 74' lang='lat' dir='ltr'><strong>praeclaro</strong></span> <span class='ocrx_word' id='word_1_388' title='bbox 3073 2995 3179 3048; x_wconf 82' lang='lat' dir='ltr'><strong>tuic</strong></span> <span class='ocrx_word' id='word_1_389' title='bbox 3231 3007 3453 3051; x_wconf 90' lang='lat' dir='ltr'><strong>nummo</strong></span> <span class='ocrx_word' id='word_1_390' title='bbox 3500 2988 3748 3049; x_wconf 68' lang='lat' dir='ltr'><strong>Pttss&#39;tts</strong></span> 
     </span>
    </p>
   </div>
   <div class='ocr_carea' id='block_1_13' title="bbox 2143 3068 2469 3129">
    <p class='ocr_par' dir='ltr' id='par_1_15' title="bbox 2143 3068 2469 3129">
     <span class='ocr_line' id='line_1_53' title="bbox 2143 3068 2469 3129; baseline -0.012 -2"><span class='ocrx_word' id='word_1_391' title='bbox 2143 3068 2469 3129; x_wconf 78' lang='lat' dir='ltr'><strong>AUGUSTt.</strong></span> 
     </span>
    </p>
   </div>
   <div class='ocr_carea' id='block_1_14' title="bbox 1192 3354 3018 5258">
    <p class='ocr_par' dir='ltr' id='par_1_16' title="bbox 1192 3354 3018 5258">
     <span class='ocr_line' id='line_1_54' title="bbox 1192 3354 3018 5258; baseline 0 0"><span class='ocrx_word' id='word_1_392' title='bbox 1192 3354 3018 5258; x_wconf 95' lang='lat' dir='ltr'><strong> </strong></span> 
     </span>
    </p>
   </div>
   <div class='ocr_carea' id='block_1_15' title="bbox 537 5398 3742 5475">
    <p class='ocr_par' dir='ltr' id='par_1_17' title="bbox 537 5398 3742 5475">
     <span class='ocr_line' id='line_1_55' title="bbox 537 5398 3742 5475; baseline -0.002 -14"><span class='ocrx_word' id='word_1_393' title='bbox 537 5406 591 5461; x_wconf 76' lang='lat'><strong>3.</strong></span> <span class='ocrx_word' id='word_1_394' title='bbox 625 5402 802 5475; x_wconf 76' lang='lat' dir='ltr'><strong>Usque</strong></span> <span class='ocrx_word' id='word_1_395' title='bbox 825 5401 880 5457; x_wconf 83' lang='lat' dir='ltr'><strong>in</strong></span> <span class='ocrx_word' id='word_1_396' title='bbox 918 5402 976 5457; x_wconf 79' lang='lat' dir='ltr'><strong>id</strong></span> <span class='ocrx_word' id='word_1_397' title='bbox 1001 5411 1223 5475; x_wconf 74' lang='lat' dir='ltr'><strong>tenipus.</strong></span> <span class='ocrx_word' id='word_1_398' title='bbox 1251 5400 1350 5457; x_wconf 76' lang='lat' dir='ltr'><strong>Ed.</strong></span> <span class='ocrx_word' id='word_1_399' title='bbox 1390 5400 1525 5471; x_wconf 75' lang='lat' dir='ltr'><strong>Aug.</strong></span> <span class='ocrx_word' id='word_1_400' title='bbox 1557 5408 1614 5456; x_wconf 91' lang='lat' dir='ltr'><strong>et</strong></span> <span class='ocrx_word' id='word_1_401' title='bbox 1644 5415 1773 5457; x_wconf 88' lang='lat' dir='ltr'><strong>mss.</strong></span> <span class='ocrx_word' id='word_1_402' title='bbox 1802 5398 2032 5472; x_wconf 80' lang='lat' dir='ltr'><strong>aliquot,</strong></span> <span class='ocrx_word' id='word_1_403' title='bbox 2064 5408 2111 5474; x_wconf 85' lang='lat' dir='ltr'>C</span> <span class='ocrx_word' id='word_1_404' title='bbox 2143 5403 2439 5463; x_wconf 81' lang='lat' dir='ltr'><strong>sanbonns.</strong></span> <span class='ocrx_word' id='word_1_405' title='bbox 2471 5417 2634 5474; x_wconf 74' lang='lat' dir='ltr'><strong>quem</strong></span> <span class='ocrx_word' id='word_1_406' title='bbox 2660 5401 2787 5459; x_wconf 83' lang='lat' dir='ltr'><strong>vide</strong></span> <span class='ocrx_word' id='word_1_407' title='bbox 2810 5401 2878 5458; x_wconf 82' lang='lat' dir='ltr'><strong>ad</strong></span> <span class='ocrx_word' id='word_1_408' title='bbox 2903 5402 3131 5461; x_wconf 83' lang='lat' dir='ltr'><strong>Sueten.</strong></span> <span class='ocrx_word' id='word_1_409' title='bbox 3153 5401 3207 5461; x_wconf 89' lang='lat' dir='ltr'><strong>in</strong></span> <span class='ocrx_word' id='word_1_410' title='bbox 3234 5402 3482 5475; x_wconf 81' lang='lat' dir='ltr'><strong>Augusto</strong></span> <span class='ocrx_word' id='word_1_411' title='bbox 3502 5416 3621 5473; x_wconf 87' lang='lat' dir='ltr'><strong>eap.</strong></span> <span class='ocrx_word' id='word_1_412' title='bbox 3646 5398 3742 5456; x_wconf 74' lang='lat'><strong>22.</strong></span> 
     </span>
    </p>
   </div>
   <div class='ocr_carea' id='block_1_16' title="bbox 431 5473 2027 5617">
    <p class='ocr_par' dir='ltr' id='par_1_18' title="bbox 431 5473 2027 5617">
     <span class='ocr_line' id='line_1_56' title="bbox 431 5473 1291 5544; baseline -0.008 -9"><span class='ocrx_word' id='word_1_413' title='bbox 431 5478 672 5538; x_wconf 75' lang='lat' dir='ltr'><strong>malunt,</strong></span> <span class='ocrx_word' id='word_1_414' title='bbox 704 5490 865 5543; x_wconf 71' lang='lat' dir='ltr'><strong>usque</strong></span> <span class='ocrx_word' id='word_1_415' title='bbox 891 5473 962 5527; x_wconf 82' lang='lat' dir='ltr'><strong>ad</strong></span> <span class='ocrx_word' id='word_1_416' title='bbox 985 5473 1042 5529; x_wconf 80' lang='lat' dir='ltr'><strong>id</strong></span> <span class='ocrx_word' id='word_1_417' title='bbox 1070 5484 1291 5544; x_wconf 74' lang='lat' dir='ltr'><strong>tempus.</strong></span> 
     </span>
     <span class='ocr_line' id='line_1_57' title="bbox 499 5541 2027 5617; baseline -0.002 -14"><span class='ocrx_word' id='word_1_418' title='bbox 499 5548 596 5605; x_wconf 65' lang='lat'><strong>2⁸.</strong></span> <span class='ocrx_word' id='word_1_419' title='bbox 645 5544 1016 5616; x_wconf 72' lang='lat' dir='ltr'><strong>Spectaculum</strong></span> <span class='ocrx_word' id='word_1_420' title='bbox 1044 5545 1168 5617; x_wconf 71' lang='lat' dir='ltr'><strong>[uit.</strong></span> <span class='ocrx_word' id='word_1_421' title='bbox 1218 5544 1387 5601; x_wconf 77' lang='lat' dir='ltr'><strong>Abest</strong></span> <span class='ocrx_word' id='word_1_422' title='bbox 1435 5556 1539 5600; x_wconf 82' lang='lat' dir='ltr'><strong>vox</strong></span> <span class='ocrx_word' id='word_1_423' title='bbox 1592 5541 1780 5598; x_wconf 87' lang='lat' dir='ltr'><strong>ultitna</strong></span> <span class='ocrx_word' id='word_1_424' title='bbox 1825 5542 1893 5597; x_wconf 86' lang='lat' dir='ltr'><strong>ab</strong></span> <span class='ocrx_word' id='word_1_425' title='bbox 1938 5541 2027 5600; x_wconf 89' lang='lat' dir='ltr'><strong>ed.</strong></span> 
     </span>
    </p>
   </div>
   <div class='ocr_carea' id='block_1_17' title="bbox 427 5620 664 5691">
    <p class='ocr_par' dir='ltr' id='par_1_19' title="bbox 427 5620 664 5691">
     <span class='ocr_line' id='line_1_58' title="bbox 427 5620 664 5691; baseline -0.017 -14"><span class='ocrx_word' id='word_1_426' title='bbox 427 5620 664 5691; x_wconf 74' lang='lat' dir='ltr'><strong>August.</strong></span> 
     </span>
    </p>
   </div>
   <div class='ocr_carea' id='block_1_18' title="bbox 497 5683 2032 5749">
    <p class='ocr_par' dir='ltr' id='par_1_20' title="bbox 497 5683 2032 5749">
     <span class='ocr_line' id='line_1_59' title="bbox 497 5683 2032 5749; baseline -0.003 -2"><span class='ocrx_word' id='word_1_427' title='bbox 497 5690 592 5749; x_wconf 75' lang='lat'><strong>25.</strong></span> <span class='ocrx_word' id='word_1_428' title='bbox 643 5688 720 5745; x_wconf 72' lang='lat' dir='ltr'><strong>Aa</strong></span> <span class='ocrx_word' id='word_1_429' title='bbox 767 5687 1098 5745; x_wconf 73' lang='lat' dir='ltr'><strong>tumultibus.</strong></span> <span class='ocrx_word' id='word_1_430' title='bbox 1158 5686 1279 5743; x_wconf 83' lang='lat' dir='ltr'><strong>Non</strong></span> <span class='ocrx_word' id='word_1_431' title='bbox 1321 5683 1612 5741; x_wconf 57' lang='lat' dir='ltr'><strong>*nvenitnr</strong></span> <span class='ocrx_word' id='word_1_432' title='bbox 1651 5684 1704 5740; x_wconf 91' lang='lat' dir='ltr'><strong>in</strong></span> <span class='ocrx_word' id='word_1_433' title='bbox 1753 5685 1879 5741; x_wconf 83' lang='lat' dir='ltr'><strong>cod.</strong></span> <span class='ocrx_word' id='word_1_434' title='bbox 1933 5686 2032 5742; x_wconf 88' lang='lat' dir='ltr'><strong>l’c·</strong></span> 
     </span>
    </p>
   </div>
   <div class='ocr_carea' id='block_1_19' title="bbox 429 5776 2029 5900">
    <p class='ocr_par' dir='ltr' id='par_1_21' title="bbox 429 5776 2029 5900">
     <span class='ocr_line' id='line_1_60' title="bbox 429 5776 2029 5900; baseline -0.003 -11"><span class='ocrx_word' id='word_1_435' title='bbox 429 5776 611 5889; x_wconf 42' lang='lat' dir='ltr'><strong>vagg.</strong></span> <span class='ocrx_word' id='word_1_436' title='bbox 631 5830 798 5889; x_wconf 71' lang='lat' dir='ltr'><strong>Sexto</strong></span> <span class='ocrx_word' id='word_1_437' title='bbox 826 5830 1055 5888; x_wconf 65' lang='lat' dir='ltr'><strong>domm.</strong></span> <span class='ocrx_word' id='word_1_438' title='bbox 1082 5828 1311 5900; x_wconf 85' lang='lat' dir='ltr'><strong>Proprie</strong></span> <span class='ocrx_word' id='word_1_439' title='bbox 1335 5827 1595 5899; x_wconf 83' lang='lat' dir='ltr'><strong>septimo,</strong></span> <span class='ocrx_word' id='word_1_440' title='bbox 1629 5827 1725 5885; x_wconf 88' lang='lat' dir='ltr'><strong>sed</strong></span> <span class='ocrx_word' id='word_1_441' title='bbox 1755 5826 2029 5885; x_wconf 79' lang='lat' dir='ltr'><strong>Neronem</strong></span> 
     </span>
    </p>
   </div>
   <div class='ocr_carea' id='block_1_20' title="bbox 429 5897 2032 5987">
    <p class='ocr_par' dir='ltr' id='par_1_22' title="bbox 429 5897 2032 5987">
     <span class='ocr_line' id='line_1_61' title="bbox 429 5897 2032 5987; baseline -0.002 -22"><span class='ocrx_word' id='word_1_442' title='bbox 429 5918 544 5965; x_wconf 88' lang='lat' dir='ltr'><strong>non</strong></span> <span class='ocrx_word' id='word_1_443' title='bbox 581 5910 884 5981; x_wconf 71' lang='lat' dir='ltr'><strong>computat,</strong></span> <span class='ocrx_word' id='word_1_444' title='bbox 927 5905 1058 5987; x_wconf 78' lang='lat' dir='ltr'><strong>quia</strong></span> <span class='ocrx_word' id='word_1_445' title='bbox 1103 5901 1227 5961; x_wconf 86' lang='lat' dir='ltr'><strong>sine</strong></span> <span class='ocrx_word' id='word_1_446' title='bbox 1254 5914 1418 5963; x_wconf 83' lang='lat' dir='ltr'><strong>causa</strong></span> <span class='ocrx_word' id='word_1_447' title='bbox 1459 5901 1674 5971; x_wconf 86' lang='lat' dir='ltr'><strong>clausit,</strong></span> <span class='ocrx_word' id='word_1_448' title='bbox 1723 5912 1778 5961; x_wconf 92' lang='lat' dir='ltr'><strong>ut</strong></span> <span class='ocrx_word' id='word_1_449' title='bbox 1815 5900 1892 5967; x_wconf 83' lang='lat' dir='ltr'><strong>ait</strong></span> <span class='ocrx_word' id='word_1_450' title='bbox 1927 5897 2032 5961; x_wconf 80' lang='lat' dir='ltr'><strong>Ca·</strong></span> 
     </span>
    </p>
   </div>
   <div class='ocr_carea' id='block_1_21' title="bbox 2139 5471 3753 5905">
    <p class='ocr_par' dir='ltr' id='par_1_23' title="bbox 2139 5471 3753 5905">
     <span class='ocr_line' id='line_1_62' title="bbox 2216 5471 3753 5547; baseline -0.001 -19"><span class='ocrx_word' id='word_1_451' title='bbox 2216 5473 2309 5528; x_wconf 72' lang='lat'><strong>27.</strong></span> <span class='ocrx_word' id='word_1_452' title='bbox 2373 5474 2646 5544; x_wconf 79' lang='lat' dir='ltr'><strong>Siquidem</strong></span> <span class='ocrx_word' id='word_1_453' title='bbox 2701 5474 2902 5528; x_wconf 75' lang='lat' dir='ltr'><strong>Achaia</strong></span> <span class='ocrx_word' id='word_1_454' title='bbox 2930 5517 2944 5538; x_wconf 87' lang='lat'>‚</span> <span class='ocrx_word' id='word_1_455' title='bbox 3001 5485 3112 5530; x_wconf 85' lang='lat' dir='ltr'><strong>etc.</strong></span> <span class='ocrx_word' id='word_1_456' title='bbox 3187 5474 3390 5531; x_wconf 80' lang='lat' dir='ltr'><strong>Eadem</strong></span> <span class='ocrx_word' id='word_1_457' title='bbox 3450 5471 3753 5547; x_wconf 71' lang='lat' dir='ltr'><strong>Eutropius</strong></span> 
     </span>
     <span class='ocr_line' id='line_1_63' title="bbox 2139 5544 3400 5617; baseline -0.001 -16"><span class='ocrx_word' id='word_1_458' title='bbox 2139 5545 2236 5601; x_wconf 90' lang='lat' dir='ltr'><strong>lib.</strong></span> <span class='ocrx_word' id='word_1_459' title='bbox 2266 5562 2360 5609; x_wconf 79' lang='lat' dir='ltr'><strong>vn.</strong></span> <span class='ocrx_word' id='word_1_460' title='bbox 2388 5545 2615 5601; x_wconf 88' lang='lat' dir='ltr'><strong>Suetou.</strong></span> <span class='ocrx_word' id='word_1_461' title='bbox 2644 5545 2695 5601; x_wconf 91' lang='lat' dir='ltr'><strong>iu</strong></span> <span class='ocrx_word' id='word_1_462' title='bbox 2734 5544 2961 5615; x_wconf 68' lang='lat' dir='ltr'><strong>vespas.</strong></span> <span class='ocrx_word' id='word_1_463' title='bbox 2991 5561 3112 5617; x_wconf 83' lang='lat' dir='ltr'><strong>cap.</strong></span> <span class='ocrx_word' id='word_1_464' title='bbox 3145 5547 3198 5602; x_wconf 89' lang='lat'><strong>8.</strong></span> <span class='ocrx_word' id='word_1_465' title='bbox 3235 5546 3400 5603; x_wconf 66' lang='lat' dir='ltr'><strong>Faun.</strong></span> 
     </span>
     <span class='ocr_line' id='line_1_64' title="bbox 2208 5612 3736 5705; baseline -0.002 -34"><span class='ocrx_word' id='word_1_466' title='bbox 2208 5615 2299 5705; x_wconf 49' lang='lat'><strong>2⁸:</strong></span> <span class='ocrx_word' id='word_1_467' title='bbox 2332 5615 2697 5689; x_wconf 66' lang='lat' dir='ltr'><strong>Gontutaqene.</strong></span> <span class='ocrx_word' id='word_1_468' title='bbox 2731 5614 2935 5674; x_wconf 78' lang='lat' dir='ltr'><strong>Confer</strong></span> <span class='ocrx_word' id='word_1_469' title='bbox 2980 5616 3368 5689; x_wconf 81' lang='lat' dir='ltr'><strong>Spanltcntiunt</strong></span> <span class='ocrx_word' id='word_1_470' title='bbox 3408 5612 3538 5669; x_wconf 77' lang='lat' dir='ltr'><strong>Ort».</strong></span> <span class='ocrx_word' id='word_1_471' title='bbox 3576 5612 3736 5667; x_wconf 80' lang='lat' dir='ltr'><strong>llum.</strong></span> 
     </span>
     <span class='ocr_line' id='line_1_65' title="bbox 2142 5686 3735 5819; baseline -0.004 -4"><span class='ocrx_word' id='word_1_472' title='bbox 2142 5686 2480 5815; x_wconf 42' lang='lat' dir='ltr'><strong>ugrohmw</strong></span> <span class='ocrx_word' id='word_1_473' title='bbox 2505 5758 2570 5814; x_wconf 84' lang='lat' dir='ltr'><strong>ab</strong></span> <span class='ocrx_word' id='word_1_474' title='bbox 2590 5777 2649 5817; x_wconf 81' lang='lat' dir='ltr'><strong>tt.</strong></span> <span class='ocrx_word' id='word_1_475' title='bbox 2693 5777 2741 5817; x_wconf 87' lang='lat' dir='ltr'><strong>c.</strong></span> <span class='ocrx_word' id='word_1_476' title='bbox 2773 5760 2879 5817; x_wconf 86' lang='lat' dir='ltr'><strong>Titi</strong></span> <span class='ocrx_word' id='word_1_477' title='bbox 2907 5761 3067 5816; x_wconf 87' lang='lat' dir='ltr'><strong>vitam</strong></span> <span class='ocrx_word' id='word_1_478' title='bbox 3105 5756 3356 5813; x_wconf 80' lang='lat' dir='ltr'><strong>scribunt</strong></span> <span class='ocrx_word' id='word_1_479' title='bbox 3381 5754 3605 5819; x_wconf 86' lang='lat' dir='ltr'><strong>copiose</strong></span> <span class='ocrx_word' id='word_1_480' title='bbox 3633 5752 3735 5813; x_wconf 77' lang='lat' dir='ltr'><strong>xi-</strong></span> 
     </span>
     <span class='ocr_line' id='line_1_66' title="bbox 2177 5824 3736 5905; baseline -0.001 -21"><span class='ocrx_word' id='word_1_481' title='bbox 2177 5830 2271 5885; x_wconf 89' lang='lat' dir='ltr'><strong>bil.</strong></span> <span class='ocrx_word' id='word_1_482' title='bbox 2307 5840 2362 5885; x_wconf 85' lang='lat' dir='ltr'><strong>et</strong></span> <span class='ocrx_word' id='word_1_483' title='bbox 2389 5831 2703 5905; x_wconf 80' lang='lat' dir='ltr'><strong>Suetonius,</strong></span> <span class='ocrx_word' id='word_1_484' title='bbox 2740 5832 2978 5889; x_wconf 78' lang='lat' dir='ltr'><strong>breviter</strong></span> <span class='ocrx_word' id='word_1_485' title='bbox 3008 5826 3300 5900; x_wconf 82' lang='lat' dir='ltr'><strong>Eutropius</strong></span> <span class='ocrx_word' id='word_1_486' title='bbox 3328 5836 3381 5883; x_wconf 89' lang='lat' dir='ltr'><strong>ct</strong></span> <span class='ocrx_word' id='word_1_487' title='bbox 3409 5824 3537 5895; x_wconf 60' lang='lat' dir='ltr'><strong>Sex.</strong></span> <span class='ocrx_word' id='word_1_488' title='bbox 3562 5827 3736 5893; x_wconf 74' lang='lat' dir='ltr'><strong>Aure·</strong></span> 
     </span>
    </p>
   </div>
   <div class='ocr_carea' id='block_1_22' title="bbox 2140 5846 2470 5969">
    <p class='ocr_par' dir='ltr' id='par_1_24' title="bbox 2140 5846 2470 5969">
     <span class='ocr_line' id='line_1_67' title="bbox 2140 5846 2470 5969; baseline -0.006 0"><span class='ocrx_word' id='word_1_489' title='bbox 2140 5846 2266 5969; x_wconf 65' lang='lat' dir='ltr'><strong>[ius-</strong></span> <span class='ocrx_word' id='word_1_490' title='bbox 2300 5900 2470 5967; x_wconf 53' lang='lat' dir='ltr'><strong>Fiunt.</strong></span> 
     </span>
    </p>
   </div>
  </div>
 </body>
</html>
