4192 6434
250 364 277 435 ι’
376 385 381 394 ’
728 369 867 462 ιιιιιι
886 370 978 430 tum
997 367 1127 428 utxrm
1146 367 1352 428 crtuomcou.
1845 365 1883 428 st

232 494 268 551 d.
283 490 315 549 C.
332 489 378 550 tt.
412 489 512 550 Sancta
528 488 673 546 Petronilla
685 503 818 545 annorum
831 486 926 544 decem
940 484 1019 542 lloret
1035 484 1089 542 ilia
1106 501 1140 543 er
1155 485 1329 542 matrimonio
1342 483 1372 542 S.
1388 481 1462 541 Petri
1476 481 1603 556 apostoli.
1714 479 1748 538 t.
1763 478 1797 536 tt.
1812 478 1876 538 illi.

838 606 968 663 bthlRll
987 603 1274 661 COMMENTARIUS.

231 708 321 766 solum
336 705 428 762 animo
439 714 553 760 mortem
568 701 675 759 bomini
692 700 851 758 tradendam
864 699 973 771 seriptis
983 697 1027 754 Pi·
1039 700 1066 760 Α
1080 694 1206 752 Domini:
1221 712 1315 754 eorum
1332 696 1459 753 nimirum
1475 711 1535 768 qum
1545 710 1595 767 pro
1610 703 1637 752 te
1647 707 1744 767 passus
1757 694 1821 765 lnit;
1834 695 1872 754 itt

231 781 316 836 latum
330 778 486 834 decrevisse
494 774 624 846 publicis,
640 774 688 830 sed
702 784 730 829 et
749 772 916 827 notariorum
939 770 1025 840 publi·
1077 769 1151 824 enim
1164 769 1209 823 liet
1221 778 1251 824 nt
1265 769 1366 844 eximia
1380 766 1463 824 animi
1476 769 1618 824 alacritate
1634 776 1769 823 tormenta
1782 767 1873 840 perle-

234 864 329 909 eorum
354 864 446 917 manu,
468 848 591 919 jussione
616 846 676 915 eins
697 845 869 913 interposita,
891 842 1025 912 descripta
1079 854 1133 895 ras.
1158 838 1277 896 Consule
1288 839 1437 896 Eusebium
1453 838 1501 895 lib.
1518 854 1558 898 nr.
1571 853 1637 922 cap...
1646 838 1682 894 st
1693 848 1719 894 ιι
1734 839 1779 896 δι).
1796 839 1872 896 Νοι·

233 923 365 993 pleraque
377 919 474 982 luisse,
489 934 551 987 attat
565 917 693 973 ridelieet
706 915 799 972 odium
813 913 970 970 iudeorum
1000 920 1028 967 et
1081 911 1147 966 nulli
1161 926 1274 967 uxorem
1288 918 1388 968 vocant
1400 907 1583 976 Concordiam,
1592 914 1637 965 ain
1654 909 1787 966 diarium:
1800 910 1872 981 tyuud

232 991 417 1049 innocentiam
441 988 633 1059 Redemptoris
656 993 856 1043 concernerent
876 1002 883 1040 :
898 994 1026 1040 caeterum
1078 982 1114 1036 bl.
1128 982 1258 1038 blarimus
1273 990 1301 1038 ιι
1315 982 1414 1037 lleicca
1425 989 1553 1036 notarunt
1567 999 1574 1035 ε
1586 981 1647 1036 aliis
1658 980 1789 1052 Perpetua
1803 997 1873 1038 trun·

233 1062 369 1129 ejusmodi
392 1060 500 1131 publica
515 1068 574 1114 acta
590 1073 761 1128 rteouaquam
787 1058 899 1113 Romam
916 1054 1027 1110 Tiberio
1078 1063 1206 1121 cupatur,
1220 1061 1249 1107 ut
1262 1052 1396 1109 llolanol
1407 1052 1538 1108 Novemb.
1564 1067 1617 1124 qua
1629 1052 1727 1109 lestum
1742 1054 1768 1109 ei
1782 1069 1797 1108 a
1811 1053 1871 1124 tyni·

235 1133 395 1206 imperatori
411 1131 504 1194 missa,
517 1145 602 1201 nsque
616 1129 650 1184 ad
662 1144 764 1184 annum
778 1127 886 1183 Domini
900 1126 945 1182 58.
960 1126 1027 1192 Quat
1078 1123 1191 1180 busdam
1201 1125 1364 1181 celebratur.
1378 1123 1538 1206 suscepisse
1553 1131 1642 1207 antem
1660 1124 1770 1207 Petrum
1788 1123 1871 1183 liliam

232 1221 300 1262 vero
314 1206 430 1260 irrcausa
447 1200 547 1257 luerint
561 1208 642 1257 tantas
668 1199 807 1254 dilationis
828 1215 882 1252 nou
906 1197 1028 1254 declarat
1078 1209 1155 1252 esua
1179 1210 1280 1259 uxore,
1304 1211 1364 1263 ιιιιιι
1384 1211 1494 1252 nortnne
1519 1202 1602 1264 patris
1625 1205 1752 1266 mstgmta
1773 1195 1868 1253 Petro·

236 1277 338 1332 Dexter
350 1293 356 1328 :
369 1273 439 1329 baud
454 1271 564 1327 drllteile
576 1281 665 1326 tamen
678 1272 855 1340 quivisqueat
866 1269 1025 1338 intelligere,
1078 1266 1144 1320 nilla
1161 1277 1256 1321 vocata
1272 1266 1365 1331 inerit,
1381 1281 1436 1322 uno
1447 1280 1496 1322 ore
1509 1267 1628 1322 latentur
1651 1276 1787 1349 artatquot
1797 1269 1872 1338 elus-

235 1359 293 1402 tum
305 1346 420 1402 Pilatum
436 1342 524 1412 ipsum
536 1341 701 1397 couscientia
715 1357 773 1397 susc
783 1339 921 1410 irnjnstitiae
932 1339 1028 1395 doten—
1077 1337 1140 1393 dem
1156 1351 1240 1392 sacrae
1265 1337 1382 1408 lirgims
1397 1338 1597 1394 meminerunt:
1610 1347 1761 1406 pru-serum
1778 1348 1871 1395 ancto-

238 1429 308 1486 rum,
325 1415 510 1472 occideretur
539 1413 707 1481 iniquissime
726 1411 862 1468 Christum
878 1413 959 1467 utorti
980 1409 1028 1465 ad·
1078 1423 1122 1463 res
1137 1409 1392 1480 martyrologiorum
1403 1409 1437 1463 ad
1453 1407 1523 1462 dicm
1535 1408 1660 1464 ultimum
1676 1406 1738 1464 Maii
1751 1424 1805 1480 tyno
1817 1409 1871 1468 lorl

233 1489 383 1558 judicasse,
394 1501 474 1554 ouem
502 1487 602 1554 sepius
624 1485 711 1554 palam
733 1498 828 1552 passus
856 1482 935 1538 inerit
959 1481 1027 1536 nibil
1078 1479 1412 1535 llomnmtmlrmcbabet:
1429 1478 1623 1534 Rontoesunrtte
1634 1478 1872 1548 retrituratur

235 1560 348 1630 dignum
364 1565 451 1612 morte
463 1556 581 1626 gessisse
597 1571 604 1606 :
622 1565 678 1608 tntn
703 1558 784 1607 etiam
809 1552 919 1608 ludmos
938 1552 1026 1607 Pilato
1078 1548 1110 1603 Β.
1125 1549 1197 1605 Petri
1211 1549 1404 1620 apostolique
1415 1549 1506 1604 Flacci
1530 1550 1623 1605 stabilis
1647 1551 1696 1604 riri
1719 1553 1871 1622 conjugium

235 1631 388 1692 obstitisse,
405 1643 439 1682 ne
454 1637 512 1680 acta
528 1623 631 1680 ctnisri
645 1626 757 1679 llomam
773 1623 903 1688 tttitterct,
928 1622 1026 1691 quibus
1077 1635 1210 1690 spernent,
1222 1623 1333 1693 acceptis
1343 1621 1474 1676 triduanis
1487 1622 1522 1675 ud
1533 1621 1730 1676 deliberandum
1743 1622 1868 1691 iruluriis,

234 1702 365 1756 trintirttm
377 1706 435 1753 crat
450 1711 592 1751 necessum
609 1695 737 1749 invidiam
750 1708 828 1748 suam
845 1692 1024 1747 truculentam
1076 1691 1179 1746 interim
1194 1693 1304 1764 y'r’y'uniis
1318 1702 1342 1747 et
1357 1692 1518 1748 orationibus
1542 1709 1646 1756 racana,
1663 1694 1787 1748 tertiadie
1809 1710 1870 1750 tuae

232 1782 357 1827 senatum
369 1778 395 1823 ιι
407 1769 587 1835 imperatores
600 1781 654 1820 nort
677 1765 775 1819 latere.
791 1764 918 1819 liccrcrit
932 1765 1026 1831 itaque
1077 1772 1105 1814 ιιι
1120 1762 1216 1817 Christi
1228 1772 1420 1817 sacraruntum
1433 1765 1542 1831 accepit,
1559 1765 1643 1818 emisit
1656 1763 1793 1833 Spiritum.
1806 1766 1869 1823 lltrc

233 1843 337 1898 Pilatus
352 1837 454 1893 cnrtsa
469 1845 585 1891 mortem
596 1844 624 1890 ct
638 1834 768 1890 miracula
780 1834 891 1888 'liberio
904 1834 1024 1900 mittere,
1077 1834 1234 1889 summatim
1249 1834 1376 1904 decerpta
1392 1844 1455 1888 sunt
1466 1849 1499 1888 cx
1514 1833 1555 1889 ltis
1565 1850 1627 1905 ortae
1637 1834 1671 1889 dc
1686 1836 1739 1891 rita
1749 1843 1777 1891 ιι
1790 1836 1867 1893 obitu

235 1923 263 1970 ct
278 1927 309 1967 ea
323 1925 396 1965 nurse
409 1907 524 1977 publicis
536 1909 642 1976 excepit
659 1904 767 1970 tabulis3
782 1913 912 1960 caeterum
937 1913 965 1960 et
980 1919 1025 1962 res
1077 1911 1179 1958 satietur
1194 1904 1349 1960 Petronillae
1376 1914 1472 1960 testata
1492 1905 1654 1975 posteritati,
1674 1908 1732 1961 suis
1754 1908 1867 1980 scriptis

252 1999 282 2038 er
295 1990 414 2052 quatuor
426 1992 513 2033 annos
525 1975 695 2033 exsecutioni
707 1975 832 2030 mandata
846 1991 899 2030 non
914 1974 974 2040 luit,
990 1974 1026 2030 ob
1077 1974 1185 2045 reliquit
1214 1978 1336 2044 egregins
1356 1975 1457 2031 Citristi
1482 1988 1586 2049 martyr
1614 1977 1748 2048 Eugeuins
1776 1980 1868 2036 arciri·

230 2070 288 2126 yam
304 2052 391 2108 dictas
404 2064 511 2104 causas.
528 2050 602 2115 Qtras
617 2047 640 2103 si
659 2045 748 2103 lia-sar
763 2047 895 2102 Batonius
908 2060 1023 2117 perper·
1040 2044 1221 2137 Bepiscopns
1236 2046 1395 2112 Toletanus,
1414 2048 1458 2118 qui
1480 2048 1564 2116 patris
1586 2049 1627 2103 sui
1652 2046 1812 2119 discipulus,
1838 2059 1867 2107 et

233 2126 331 2189 disset,
346 2131 393 2176 aut
403 2120 426 2176 si
441 2122 570 2175 Dextrum
586 2129 682 2173 tractus
694 2127 777 2184 esset,
789 2119 877 2172 minus
891 2118 925 2171 ab
941 2119 1025 2172 buse·
1079 2116 1164 2185 tpsius
1185 2117 1297 2187 virginis
1324 2116 1465 2175 lamiliaris
1486 2118 1580 2174 Romu
1600 2118 1705 2174 exstitit
1728 2135 1736 2175 ε
1755 2121 1866 2190 proprio

232 2196 280 2251 bio
293 2193 426 2250 resiliret:
441 2191 537 2257 Porro,
552 2190 600 2259 ait,
618 2191 667 2243 troc
684 2187 765 2243 Pilati
777 2189 810 2243 de
821 2186 923 2243 Cirrista
937 2186 1026 2243 adii·
1077 2188 1145 2241 alias
1160 2191 1269 2244 nantino
1285 2188 1323 2242 dl.
1338 2187 1478 2244 llarcrllus
1492 2199 1674 2259 tmnenpatus,
1693 2193 1864 2261 postmodum

232 2267 330 2320 iterium
351 2266 420 2334 iactu
441 2261 576 2326 relatione,
607 2259 745 2314 Eusebium
768 2259 896 2314 nescimus
916 2275 967 2329 gua
982 2275 1026 2314 ru·
1077 2257 1227 2328 obgcneris
1242 2261 1282 2314 sui
1295 2259 1468 2330 splendorem
1485 2260 1556 2332 (erat
1568 2261 1685 2317 enituex
1703 2262 1813 2330 lanrilia,
1836 2273 1866 2319 et

231 2339 313 2405 tione,
330 2342 480 2406 postannos
501 2333 612 2403 quiaque
638 2338 760 2395 recenset,
785 2346 836 2400 quo
857 2345 926 2384 antro
950 2328 1026 2384 tite·
1077 2329 1157 2384 domo
1172 2330 1298 2397 Neronis,
1327 2338 1379 2387 uta
1406 2331 1506 2386 Dextro
1520 2345 1570 2387 suo
1584 2332 1645 2388 loro
1665 2331 1865 2406 edocebimus),

233 2407 335 2463 siusili
356 2404 448 2459 llartii
472 2413 588 2457 mortuus
604 2411 650 2457 est.
665 2401 718 2456 Sed
739 2402 826 2456 statim
850 2408 907 2472 post
929 2399 1026 2456 Citristi
1075 2399 1163 2456 dictus
1174 2398 1317 2471 Eugenius,
1330 2401 1402 2473 quod
1418 2402 1514 2458 Latine
1529 2412 1607 2458 sonat
1617 2402 1721 2458 nobilis.
1737 2404 1785 2460 llie
1800 2420 1866 2476 ergo

230 2477 444 2533 resurrectionem
456 2476 541 2539 palam
555 2478 652 2544 socrant
667 2472 853 2527 ecistinrnmus.
872 2471 1025 2530 concordat
1076 2470 1137 2527 talis
1153 2480 1296 2543 tantosque
1307 2472 1358 2539 vir,
1372 2488 1404 2528 ac
1419 2473 1553 2528 Patronus
1568 2486 1671 2538 noster,
1697 2474 1866 2532 sciscitami-

230 2548 364 2619 sityuidcm
380 2546 496 2601 Eusebio
507 2544 618 2610 better,
633 2542 696 2598 dum
710 2543 759 2606 ait,
776 2558 848 2597 anno
860 2542 969 2612 quidem
986 2543 1022 2601 38
1074 2539 1125 2597 bns
1141 2546 1175 2597 ab
1189 2557 1222 2597 eo
1246 2544 1349 2599 sanctis
1376 2544 1540 2614 martyribus
1559 2543 1656 2600 Neruo
1678 2555 1706 2600 et
1730 2547 1863 2616 dclriluo,

231 2620 349 2686 bomini,
377 2617 536 2671 relationem
559 2613 692 2682 ejusmodi
720 2614 798 2668 Pilati
823 2610 858 2668 ad
881 2613 1020 2669 Tiberium
1074 2620 1138 2668 ttme
1164 2614 1289 2684 relegatis
1321 2630 1369 2685 pro
1396 2614 1570 2671 consessione
1591 2616 1698 2671 bornini
1726 2616 1752 2672 in
1776 2619 1866 2676 insula

230 2693 341 2755 iactam,
361 2687 409 2742 sed
422 2686 507 2750 addit,
526 2686 618 2741 statim
629 2692 815 2755 postmortem
829 2693 857 2738 et
879 2698 1021 2740 resurrec-
1074 2683 1181 2751 Pontia,
1198 2687 1373 2741 intercutem
1387 2702 1447 2756 anm
1469 2687 1564 2742 iisdem
1586 2687 1706 2756 scripsit,
1734 2689 1864 2746 vitamet

233 2762 335 2815 tionem
348 2757 455 2812 Domini
466 2757 580 2811 Pilatum
593 2755 719 2809 statuisse
731 2769 791 2809 eam
802 2754 961 2824 imperatori
980 2771 1022 2812 ιι
1072 2754 1175 2810 obitum
1187 2767 1286 2811 sanctie
1297 2758 1727 2828 Petronillmgraplriccexaravit,
1743 2771 1822 2829 prout
1835 2762 1864 2818 in

233 2830 317 2897 lcrre,
332 2827 551 2898 quandoquidem
567 2836 627 2882 acta
641 2827 760 2894 publica,
776 2840 829 2893 quo
845 2835 966 2895 tempore
976 2842 1020 2882 res
1071 2827 1140 2881 actis
1153 2827 1310 2882 eorumdem
1325 2839 1473 2898 martyrum
1485 2839 1574 2883 exstat
1587 2829 1801 2900 ltodieryucapud
1814 2833 1867 2888 Sn-

232 2904 373 2964 ereniunt,
390 2915 450 2954 utos
464 2908 507 2954 est
520 2897 592 2962 lieri;
608 2896 634 2952 id
648 2905 736 2950 tamen
751 2911 799 2950 sen
811 2897 919 2965 proprio
934 2906 1018 2964 motu,
1071 2899 1152 2952 rium.
1166 2900 1266 2967 decipe
1281 2899 1416 2970 ipsissima
1431 2899 1461 2952 Β.
1472 2897 1591 2954 llarcclli
1606 2899 1720 2969 Eugenii
1731 2902 1863 2970 epistola-

231 2987 281 3027 seu
299 2969 454 3027 ludaeorum
467 2970 646 3038 negotiatione
659 2966 790 3036 perlicere
804 2978 918 3034 quatuor
933 2982 1019 3024 annos
1072 2969 1112 3023 ria
1125 2969 1219 3031 rerba,
1236 2984 1296 3039 quse
1309 2969 1344 3024 ob
1357 2971 1515 3025 memoriam
1544 2981 1570 3024 et
1597 2971 1778 3027 reverentiam
1791 2973 1866 3044 ejus,

232 3043 348 3098 distulit.
361 3040 394 3096 m
408 3049 482 3095 certe
498 3048 614 3108 utraque
635 3047 737 3093 motum
767 3037 877 3107 impium
899 3036 1017 3107 judicem
1069 3051 1095 3092 ct
1110 3041 1237 3108 ryuoninm
1249 3056 1264 3095 ι
1276 3040 1354 3096 nobis
1370 3041 1470 3096 alicubi
1484 3041 1646 3098 vindicanda
1671 3052 1723 3111 est,
1738 3043 1772 3099 td
1797 3060 1864 3101 vcr-

231 3113 299 3167 mibi
318 3111 398 3167 iacile
423 3111 588 3181 persuadeo;
618 3108 765 3179 praesertim
786 3123 847 3163 eum
862 3107 1016 3166 iudaeorum
1070 3110 1132 3165 bum
1147 3111 1268 3167 bocloco
1282 3113 1437 3184 apponitur.

230 3182 340 3255 ingenia
355 3197 388 3238 ex
408 3181 555 3252 Evangelio
577 3188 715 3250 comperta
734 3179 858 3246 babeam,
885 3179 931 3248 qui
953 3183 1017 3237 totis
1560 3246 1565 3254 1

230 3252 349 3321 nisibus,
363 3253 444 3307 etiam
459 3252 562 3322 ingemi
573 3250 705 3305 militibus
717 3251 829 3317 pecnnia
840 3250 949 3317 collata,
967 3263 1015 3321 pu·
1068 3240 1196 3283 mm*
1219 3241 1242 3283 ⁸·
1267 3243 1295 3282 ¹¹·
1322 3243 1454 3306 'illcssffl
1478 3244 1587 3285 ⁸⁰⁰ffi¹¹
1607 3245 1642 3286 ΑΒ
1663 3243 1701 3288 ⁵⁸·
1721 3244 1867 3290 'imm

229 3325 403 3380 biieatioocm
415 3311 625 3379 resurrectioitis
640 3320 746 3377 bomini
761 3320 892 3390 impedire
902 3332 1015 3378 eonten-
1294 3315 1408 3355 “mu’'
1426 3315 1461 3355 ΕΤ
1478 3315 1628 3357 lcum*

230 3395 344 3458 derunt;
356 3402 384 3448 ct
397 3394 464 3447 alias
480 3393 591 3448 minime
601 3393 726 3462 ignorare
745 3400 880 3460 poterant,
895 3391 1011 3448 Pilatum
1102 3388 1244 3445 Marcellus
1253 3407 1339 3446 seruus
1351 3389 1405 3446 88.
1417 3388 1514 3446 Christi
1529 3392 1722 3463 consessoribus
1733 3392 1830 3450 Nereo
1841 3406 1867 3452 et

241 3462 311 3533 quod
326 3463 360 3519 dc
372 3464 479 3519 caeteris
499 3462 641 3516 eventibus
657 3462 684 3515 in
707 3475 785 3515 more
812 3459 929 3529 positum
943 3460 1054 3523 ride-C
1069 3459 1193 3516 delriireo.
1212 3460 1299 3516 Lectis
1322 3462 1414 3517 litteris
1433 3463 1541 3529 uestris,
1556 3465 1651 3534 gaudia
1666 3481 1723 3519 sum
1737 3466 1863 3538 repletus,

228 3464 309 3599 barn
320 3533 393 3589 illico
408 3531 547 3587 'liberium
565 3535 709 3587 certiorem
724 3531 882 3586 ellecturum
910 3532 944 3588 de
966 3535 1017 3589 mi-
1069 3533 1139 3602 ryuod
1153 3531 1323 3605 intelligerem
1336 3549 1380 3587 uos
1393 3535 1419 3588 io
1433 3534 1485 3599 daie
1499 3544 1644 3589 coartantes
1654 3552 1718 3603 esre,
1731 3545 1755 3593 et
1765 3555 1813 3608 pro
1823 3555 1865 3593 oe-

228 3603 645 3674 raeulis,praedicatione,morte
656 3611 682 3656 et
692 3601 1014 3665 resvrrreotionectnisti;
1070 3604 1145 3657 ritate
1157 3614 1256 3658 certare
1271 3603 1389 3659 uiriliter.
1407 3604 1471 3673 Post
1484 3605 1567 3660 multa
1584 3605 1618 3662 de
1631 3604 1712 3661 Petro
1725 3609 1863 3678 apostolo,

229 3673 448 3743 ouandonoidem
474 3674 543 3728 rtilril
558 3682 615 3727 toto
633 3672 700 3729 orbe
724 3672 868 3739 illustrius,
890 3687 922 3728 ac
945 3672 1016 3731 lama
1068 3673 1159 3729 snbdit
1182 3691 1188 3725 :
1214 3674 1252 3728 lte
1273 3671 1418 3729 Petronilla
1433 3690 1493 3730 uero
1507 3676 1564 3744 filiu
1577 3678 1689 3743 ιριιιιιι
1705 3676 1790 3744 Petri,
1808 3680 1864 3736 tto·

230 3745 339 3815 dignius
362 3760 489 3814 umquam
516 3744 689 3814 contigerat:
713 3758 767 3813 nuo
796 3744 853 3799 lieri
876 3759 1016 3801 necessum
1070 3745 1135 3798 ntirti
1150 3744 1210 3808 atei,
1225 3746 1330 3812 quando
1351 3746 1460 3800 sollicite
1480 3747 1637 3819 perquiritis,
1658 3750 1716 3818 quis
1737 3751 1866 3820 ejusoitre

229 3825 298 3880 ιιιι,
315 3826 345 3872 ιι
356 3815 442 3872 iudaei
457 3814 527 3884 apud
548 3814 662 3871 Pilatum
689 3814 791 3869 nullum
806 3829 860 3868 nott
875 3826 1018 3873 moverent
1069 3816 1129 3881 finis
1143 3817 1232 3885 [arr-it,
1248 3819 1338 3887 paucis
1353 3817 1492 3874 aunotuio.
1508 3816 1682 3872 Petrouillam
1697 3820 1786 3891 itaque
1801 3821 1866 3877 deae

230 3888 358 3952 lapidem,
387 3887 532 3958 quotminus
556 3893 652 3940 cttucla
682 3884 730 3941 Dei
759 3883 876 3941 bominis
906 3891 1016 3958 negotia
1069 3887 1149 3941 nostis
1161 3887 1290 3942 uoluntate
1301 3886 1374 3941 Petri
1385 3889 1494 3954 apostoli
1505 3888 1624 3944 clirticom
1636 3894 1742 3962 [oolam.
1755 3890 1867 3948 dlentini

229 3971 323 4014 crasso
336 3957 443 4012 silentio
465 3957 652 4022 obducerent;
679 3963 735 4012 tum
750 3972 785 4012 tte
797 3955 897 4013 Christi
916 3974 1015 4016 ttamen
1068 3958 1137 4011 enim
1150 3958 1298 4031 interfuisse
1311 3975 1363 4024 ιιι,
1378 3976 1437 4012 cunt
1449 3959 1570 4032 paritulti
1586 3961 1641 4029 ejus
1655 3961 1777 4032 discipuli
1791 3965 1866 4034 apud

228 4027 258 4083 itt
272 4033 422 4082 llonmnum
437 4027 619 4096 divulgaretur
631 4029 792 4094 imperium:
806 4037 861 4081 tutu
876 4043 909 4083 tte
920 4043 1014 4085 eorum
1067 4028 1143 4083 illum
1162 4029 1318 4085 oderemus:
1341 4037 1364 4084 et
1385 4028 1458 4085 Titus
1476 4031 1570 4085 diceret
1591 4032 1625 4084 ad
1645 4048 1728 4086 eunt:
1750 4031 1866 4098 Quarrdo

228 4098 364 4168 impietas,
376 4097 477 4152 invidia
491 4108 519 4152 et
529 4097 721 4152 malevolentia
741 4098 943 4167 detegerentur.
960 4101 1015 4156 Sed
1068 4115 1155 4155 ornnes
1167 4115 1184 4151 a
1198 4109 1222 4155 te
1235 4109 1370 4165 curantur,
1385 4117 1431 4154 cur
1445 4101 1617 4156 Petronilium
1630 4103 1727 4175 pateris
1746 4105 1868 4177 paralysi

227 4169 350 4240 seroqui
365 4175 481 4238 quatuor
500 4181 587 4222 annos
608 4175 740 4222 renuente
762 4168 926 4224 conscientia
942 4170 1015 4225 tela·
1067 4169 1237 4225 dreumlere?
1256 4172 1303 4227 cni
1321 4181 1377 4226 tum
1394 4171 1489 4227 Petrus
1508 4174 1639 4245 respoudit
1658 4189 1668 4227 :
1688 4173 1820 4231 Sirenios
1840 4179 1866 4232 ei

227 4240 331 4294 tionem
344 4237 458 4294 dillerre
468 4237 564 4306 putuit,
575 4238 664 4293 cclarc
682 4237 790 4295 tandem
805 4238 944 4295 veritatem
961 4255 1015 4298 nott
1067 4242 1178 4313 expedit.
1192 4241 1234 4295 Νι
1247 4243 1303 4310 quis
1317 4252 1401 4297 tannen
1414 4253 1484 4316 putet
1498 4260 1538 4297 rue
1551 4244 1590 4298 lris
1604 4238 1684 4298 uerbis
1693 4245 1868 4302 indicaretu-

248 4308 329 4376 oluit,
344 4316 426 4378 atque
436 4323 467 4364 ιι
479 4309 589 4363 demum
610 4306 769 4378 Imperatori
792 4309 896 4379 retulit,
921 4321 950 4367 ut
964 4326 1015 4368 suo
1067 4313 1156 4379 lursse,
1173 4314 1230 4382 pieri
1245 4330 1295 4368 non
1309 4331 1393 4383 patre,
1407 4326 1434 4368 ut
1449 4325 1563 4378 sanetur,
1575 4314 1632 4368 uolo
1644 4324 1671 4368 ut
1679 4323 1770 4387 surgat
1779 4326 1804 4371 et
1815 4320 1867 4374 rni-

227 4324 289 4436 foro
302 4394 364 4435 cunt
375 4380 476 4435 Dextro
489 4377 641 4434 videbimus
652 4379 685 4434 ud
699 4394 799 4434 artuum
812 4380 857 4434 38.
1067 4385 1157 4438 tristret
1172 4384 1254 4439 trolris.
1272 4383 1305 4438 Et
1325 4400 1385 4438 utos
1398 4386 1446 4440 illu
1460 4387 1570 4441 surrexit
1586 4386 1732 4440 incolumis.
1748 4384 1866 4460 Expleta

263 4450 291 4506 6.
308 4450 406 4507 8ιιιιιι
424 4448 578 4517 Petrouilla,
594 4459 647 4505 etc.
670 4449 702 4504 b.
725 4450 877 4519 apostolum
891 4450 1012 4520 Petrum,
1066 4464 1152 4509 autem
1163 4456 1313 4520 ttrinisterio,
1322 4455 1403 4525 jussit
1413 4474 1470 4511 eant
1480 4457 1619 4523 Apostolus
1629 4457 1712 4513 redire
1722 4456 1757 4510 ad
1767 4459 1865 4515 lectum

227 4537 290 4577 cum
314 4535 329 4577 a
352 4531 464 4592 captura
480 4520 591 4590 piscium
613 4520 646 4576 ad
671 4522 847 4590 piscationem
873 4521 1013 4582 bominum
1066 4541 1151 4580 suurn.
1172 4525 1315 4597 Postquam
1329 4535 1415 4580 artem
1435 4529 1461 4580 iu
1477 4526 1526 4581 liei
1540 4527 1723 4597 timarecoepit
1736 4544 1866 4601 esseper-

225 4591 304 4662 jussu
327 4591 433 4647 bonrini
459 4591 575 4656 transiit,
591 4606 703 4648 intorem
722 4591 861 4660 babuisse,
878 4609 958 4651 nemo
972 4603 1015 4652 est
1066 4598 1150 4667 irato,
1171 4614 1223 4651 non
1239 4597 1317 4651 modo
1337 4597 1393 4667 ipsa
1406 4607 1497 4653 curata
1508 4608 1556 4666 ιιι,
1572 4597 1618 4653 sed
1636 4600 1712 4653 etium
1724 4602 1866 4669 persistitis

224 4663 272 4735 qui
283 4662 402 4724 abnuat:
419 4660 446 4717 id
458 4663 528 4731 quod
546 4661 586 4734 (ut
603 4662 796 4734 llierouymum
818 4672 845 4717 ct
869 4664 1015 4722 Tertullia-
1065 4669 1125 4722 aliis
1138 4668 1194 4723 ruis
1206 4667 1324 4740 precibus
1337 4666 1446 4722 obtinuit
1460 4671 1605 4724 sanitatem.
1618 4669 1682 4724 Cum
1695 4680 1782 4725 autem
1796 4685 1865 4727 esset

224 4750 290 4790 num
304 4734 405 4789 missos
417 4732 525 4805 larium)
541 4735 684 4803 perspicue
702 4735 795 4789 docuit
812 4737 1013 4794 vetustissimus
1065 4741 1198 4808 prustomi
1213 4740 1297 4810 lorino
1310 4741 1435 4809 eorporis,
1452 4738 1563 4795 Flaccus
1578 4757 1661 4795 comes
1673 4744 1740 4795 uenit
1754 4746 1790 4796 ad
1803 4759 1865 4798 eam

224 4803 327 4875 llartyr
340 4803 457 4872 ignatius
467 4804 501 4858 ad
517 4804 718 4875 Pbiladelpbios
736 4805 859 4862 scribens
871 4823 878 4861 ι
891 4805 954 4861 Non
967 4810 1013 4864 de·
1026 4836 1054 4899 D
1065 4826 1123 4863 curn
1139 4809 1262 4864 militibus
1277 4810 1330 4864 ruis
1343 4809 1393 4865 eiii
1407 4826 1464 4865 eam
1479 4814 1614 4884 rorty'ugent
1628 4812 1767 4868 usaitnrus.
1784 4809 1863 4869 Dixit

226 4875 313 4937 truita,
328 4875 376 4942 ait,
397 4872 496 4939 lieatir,
509 4875 552 4942 qui
566 4877 663 4944 nuptiis
675 4877 792 4945 copulati
816 4881 930 4945 ιιιιιιιιιι.
944 4877 1013 4951 Opta
1064 4897 1124 4934 uero
1134 4879 1174 4935 itti
1183 4880 1327 4936 l’ctrattt'llu
1341 4878 1437 4934 :lturrc
1450 4880 1486 4935 orl
1496 4884 1609 4953 pueliam
1622 4882 1745 4936 taen-oren
1759 4896 1863 4938 arma'o

224 4945 293 4999 enim
311 4941 367 4998 Deo
383 4944 475 5014 dignos
500 4942 536 4994 ad
558 4944 663 5014 uestigia
687 4959 776 4997 eorum
795 4946 822 4998 iu
836 4960 915 5017 regno
929 4948 1012 5019 ipsius
1065 4950 1146 5005 utilite
1158 4951 1250 5006 ιιιιιι
1263 4951 1294 5007 Si
1313 4968 1354 5005 me
1368 4951 1406 5006 ris
1423 4953 1517 5007 ltalere
1530 4957 1677 5025 aortjugeru,
1692 4954 1726 5007 da
1740 4970 1860 5025 operam,

222 5015 342 5082 inueniri,
356 5014 423 5066 sicut
439 5011 532 5067 Petrus
556 5023 580 5068 ιι
602 5014 685 5083 aliqui
702 5016 820 5084 Apostoli
845 5017 890 5084 qui
913 5021 1011 5086 nuptiis
1064 5033 1092 5076 ιιι
1111 5031 1246 5093 matrone,
1268 5030 1292 5076 ιι
1309 5023 1421 5092 nir-pines
1440 5024 1553 5079 ironesttc
1569 5034 1625 5094 post
1643 5024 1756 5078 triduam
1768 5025 1806 5078 ati
1820 5043 1863 5080 me

221 5091 328 5155 suerunt
338 5083 502 5139 terrorism
513 5083 732 5139 etbl.llat·cellns
744 5085 1009 5157 Eugeniusejustlcm
1063 5094 1175 5159 ueniant,
1190 5105 1219 5147 ut
1230 5108 1276 5165 ego
1286 5108 1345 5146 cum
1359 5094 1411 5149 illis
1425 5096 1523 5164 pariter
1532 5094 1654 5149 accedam
1664 5094 1699 5147 ad
1708 5095 1776 5150 ardes
1788 5105 1860 5151 tuas.

222 5153 349 5225 Apostoli
359 5153 507 5225 discipulus
522 5154 574 5209 boc
592 5153 693 5222 ipsum,
711 5156 771 5211 loco
785 5157 877 5212 statim
889 5160 1008 5229 citando,
1064 5162 1162 5219 Triduo
1180 5166 1267 5234 itaryue
1286 5165 1386 5218 dierum
1404 5166 1488 5234 spatio
1508 5167 1656 5235 impetrato,
1676 5174 1767 5220 taneta
1786 5168 1861 5238 tirpa

221 5225 375 5295 profitetur.
390 5223 462 5280 Petri
476 5233 565 5279 antem
577 5239 688 5279 uxorem
703 5229 833 5299 martyrio
844 5243 936 5284 eoram
950 5231 1009 5303 ipso
1055 5237 1167 5308 jejuniis
1180 5242 1206 5290 et
1220 5234 1378 5288 orationibus
1393 5237 1501 5302 uacauit,
1515 5236 1610 5291 boiens
1621 5236 1693 5304 apud
1703 5252 1730 5290 re
1739 5248 1860 5292 ιιιιιιιιι

220 5304 389 5362 coronatam,
404 5295 579 5364 etmalorum
592 5296 724 5353 relatione
737 5300 862 5353 traditum
887 5298 940 5356 sibi
962 5318 1008 5359 re·
1059 5308 1185 5377 virginem
1204 5302 1230 5357 F
1230 5305 1369 5371 aliculam,
1385 5306 1413 5361 iu
1428 5307 1476 5362 liei
1496 5309 1586 5362 timore
1600 5308 1750 5377 perfectam.
1768 5305 1859 5363 Tertia

220 5366 275 5422 lert
287 5363 412 5422 Cletueus
430 5364 630 5421 Alexandrinus
649 5382 686 5423 ιιι
706 5383 817 5424 suorum
839 5368 1006 5429 Stromatum
1060 5377 1119 5428 inde
1137 5377 1179 5430 die
1192 5377 1260 5430 uenit
1278 5377 1312 5429 ad
1330 5393 1388 5431 eam
1402 5378 1433 5432 8.
1449 5376 1604 5434 Nirorrrrdes
1618 5378 1761 5450 presbyter,
1775 5377 1859 5434 Citri-

219 5435 308 5492 libto:
323 5435 402 5491 diunt
412 5444 481 5491 certe
491 5433 525 5491 tt.
540 5435 647 5492 Petrum
661 5438 754 5510 (rerba
774 5448 837 5496 sunt
846 5440 1007 5515 Clementis)
1058 5448 1141 5517 atique
1153 5447 1274 5518 mysteria
1289 5446 1423 5502 celebrauit
1434 5463 1444 5502 .·
1457 5465 1565 5522 curetque
1578 5451 1648 5520 uirgo
1663 5449 1858 5505 sanctissimum

218 5522 277 5560 cum
293 5506 389 5561 rideret
410 5523 516 5561 uxorem
536 5524 609 5561 suam
628 5508 688 5563 duci
703 5512 738 5564 ad
753 5522 871 5576 mortem,
892 5511 1006 5568 latuturu
1059 5513 1350 5573 Christisacrameutum
1360 5519 1510 5589 accepisset,
1522 5519 1856 5575 reclinansreialectulum

216 5578 383 5650 euidentesse
401 5587 507 5651 propter
519 5579 689 5647 uocationem,
702 5592 726 5635 et
739 5582 809 5651 guod
837 5582 942 5637 alannum
965 5601 1007 5640 re·
1057 5587 1510 5661 emisitspiritumdlatrartoeoutem
1520 5600 1544 5645 et
1559 5591 1688 5664 Virgines,
1698 5607 1762 5660 guas
1773 5587 1858 5645 Flac·

217 5658 358 5705 uerteretur
373 5648 488 5719 (bocest
502 5650 573 5720 quod
601 5650 635 5705 ad
657 5654 770 5721 patriam
799 5666 921 5724 pergeret
949 5670 1005 5713 ιιι-
1057 5659 1215 5714 sotadeum
1230 5662 1668 5735 nriserat.easeouiassurterisey'us
1682 5661 1857 5720 releltrururtt.

216 5719 324 5790 lestem,
339 5733 401 5788 utrae
411 5717 508 5774 domus
523 5727 614 5774 nostra
636 5733 687 5789 est,
711 5734 738 5777 ct
751 5737 766 5776 a
781 5738 834 5794 ryua
848 5727 1003 5795 peregriua·
1057 5728 1193 5786 Hactenus
1209 5730 1388 5802 beatissimus¹
1402 5733 1548 5802 Eugenius,
1564 5732 1735 5803 postmodum
1751 5733 1858 5805 primas

216 5791 301 5861 tum).
322 5789 407 5846 Valde
420 5798 506 5844 autent
518 5788 677 5847 taltortando
691 5802 715 5846 ιι
727 5794 886 5849 consolando
897 5798 1003 5867 proprio
1057 5810 1159 5867 noster,
1175 5804 1209 5858 de
1224 5803 1294 5858 leliei
1309 5802 1387 5858 obitu
1402 5806 1430 5858 S.
1447 5804 1615 5861 Petronillm.

216 5863 323 5926 rnouinr
336 5877 393 5925 taut
403 5861 599 5940 compellantem
613 5863 731 5924 tirius:
746 5862 818 5924 liras
834 5874 861 5926 tn
875 5878 1002 5928 oremento
1091 5873 1226 5935 Ceterum
1249 5873 1277 5934 in
1291 5872 1341 5950 ¹iris
1361 5888 1422 5947 quac
1441 5875 1476 5935 ab
1489 5890 1522 5940 co
1538 5875 1706 5950 relcruntur,
1719 5876 1856 5938 nonnulla
