4192 6434
316 351 326 361 ’
435 354 576 416 itta

1836 355 2043 417 PAULI
2080 354 2306 417 onostt

3594 353 3739 417 ”20

430 472 636 530 Gallias
682 468 1051 547 pervagantes
1075 518 1091 545 ,
1143 472 1309 530 etiam
1360 472 1416 528 in
1458 469 1671 530 ltaliam
1724 482 2029 531 transeunt.
2060 476 2108 539 Α
2137 469 2344 543 ingemi
2369 470 2570 528 virtute
2600 483 2664 528 ac
2693 469 3072 530 moderatione
3098 484 3265 540 usus,
3294 479 3351 529 et
3380 470 3733 529 dominantes

433 566 645 624 Graecia
665 609 683 635 ,
716 567 1035 643 Macedonia
1055 609 1070 634 ,
1101 567 1312 625 Pontus
1334 610 1351 636 ,
1382 570 1512 625 Asia
1544 569 1844 627 Gothorum
1876 571 2037 626 inun-

434 661 660 717 datione
704 660 978 721 delentur.
1028 659 1169 717 Nam
1209 660 1374 717 Dacia
1423 670 1574 717 trans
1623 661 1928 719 Danubium
1980 661 2036 718 in

431 759 759 824 perpetuum
806 752 1068 810 aufertur.
1110 750 1285 822 Quadi
1329 763 1385 810 et
1427 752 1697 810 Sarmatae
1728 753 2039 810 Pannonias

434 843 859 916 depopulantur.
892 844 1149 902 Germani
1187 845 1485 903 ulteriores
1518 845 1710 902 abrasa
1754 845 2040 918 potiuntur

435 933 723 1008 tttspania.
739 935 922 994 Parthi
946 935 1395 1008 Mesopotamiam
1416 936 1691 1006 auserunt,
1711 936 2039 1010 Syriamque

441 1028 485 1061 ¹³
498 1027 819 1085 corrodunt.
837 1029 1065 1084 Exstant
1077 1028 1258 1086 adbuc
1274 1044 1378 1102 per
1388 1029 1636 1086 diversas
1654 1030 1961 1102 provincias
1982 1030 2037 1086 in

438 1135 757 1192 magnarum
779 1121 1002 1179 urbium
1024 1121 1201 1179 ruinis
1223 1137 1409 1196 parvae
1423 1123 1467 1156 ¹⁸
1490 1132 1547 1180 et
1563 1137 1832 1196 pauperes
1853 1123 2037 1192 sedes,

439 1216 593 1286 signa
618 1214 989 1284 miseriarum,
1010 1223 1066 1274 et
1086 1217 1364 1273 nominum
1394 1215 1591 1274 indicia
1618 1225 1908 1275 servantes
1934 1234 1947 1274 ε
1971 1233 2038 1274 ex

442 1305 644 1379 quibus
675 1321 776 1364 nos
800 1322 1019 1381 quoque
1041 1308 1095 1363 in
1119 1308 1380 1379 tttspania
1399 1307 1763 1366 Tarraconem
1795 1318 2039 1366 nostram

440 1400 607 1473 519
630 1399 698 1456 ad
724 1400 1162 1458 consolationem
1192 1403 1235 1434 ¹⁷
1268 1401 1506 1458 miseriae
1530 1401 1767 1459 recentis
1794 1400 2040 1458 ostendi-

441 1509 585 1550 mus.
619 1493 684 1549 Et
711 1508 780 1549 ne
808 1492 939 1565 quid
968 1492 1109 1550 forte
1135 1493 1372 1551 Romani
1399 1494 1655 1567 corporis
1679 1494 1751 1550 ab
1777 1493 1880 1552 bac
1906 1493 2044 1550 dila-

440 1587 722 1643 ceratione
741 1595 1005 1656 cessaret,
1032 1587 1076 1620 ¹⁸
1095 1587 1411 1660 conspirant
1437 1587 1768 1644 intrinsecus
1799 1585 2037 1660 tyranni,

440 1689 779 1752 consurgunt
822 1680 960 1737 bella
998 1681 1219 1751 civilia,
1264 1681 1509 1738 funditur
1539 1680 1739 1753 ubique
1775 1681 2041 1754 plurimus

442 1771 667 1842 sanguis
691 1769 1063 1828 Romanorum
1080 1814 1097 1840 ,
1124 1771 1388 1829 Romanis
1415 1771 1784 1844 Barbarisque
1809 1771 2043 1828 saevien-

441 1961 638 2027 coeptae
660 1954 885 2011 ultionis
901 1954 1078 2027 major
1090 1954 1270 2013 forma
1289 1971 1450 2028 quam
1469 1970 1627 2030 poena
1647 1957 1704 2013 in
1725 1969 2037 2014 mensuram

442 2045 801 2118 plenitudinis
842 2056 1154 2120 reputatur.
1195 2049 1368 2120 Igitur
1412 2048 1624 2123 primus
1652 2049 1695 2083 ¹⁹
1725 2048 2000 2122 Ingenuus
2017 2091 2035 2119 ,

440 2141 534 2211 qui
561 2154 857 2212 purpuram
889 2142 1102 2215 imperii
1123 2152 1457 2215 sumpserat,
1477 2142 1621 2217 apud
1640 2143 1877 2218 Hyrsam
1898 2145 2045 2202 occi-

442 2230 611 2287 ditur.
635 2231 965 2290 posthumus
985 2234 1039 2290 in
1057 2234 1235 2291 Gallia
1257 2235 1457 2293 invasit
1478 2236 1846 2310 tyrannidem,
1871 2235 2045 2294 multo

443 2325 663 2399 quidem
686 2324 1002 2398 reipublicae
1021 2329 1336 2387 commodo.
1370 2329 1508 2388 Nam
1531 2346 1631 2405 per
1650 2331 1844 2390 decem
1872 2345 2047 2389 annos

2137 565 2323 622 bostes
2353 567 2595 637 expulit,
2636 575 2691 623 et
2735 567 2978 637 perditas
3018 565 3328 637 provincias
3363 566 3421 622 in
3454 564 3736 636 pristinam

2137 657 2334 714 faciem
2360 657 2698 725 relormavit‚
2727 658 2995 714 seditione
3028 666 3211 713 tamen
3242 656 3480 713 militum
3506 655 3739 714 interie-

2136 757 2260 807 ctus
2278 757 2383 806 est.
2415 747 2743 806 AEmilianus
2764 749 2905 819 apud
2928 749 3354 821 Mogontiacum,
3381 765 3508 807 cum
3531 765 3622 808 res
3644 765 3739 808 no-

2134 855 2232 898 vas
2254 840 2563 909 moliretur,
2584 854 2886 914 oppressus
2910 850 3017 898 est.
3043 841 3173 897 Post
3190 849 3428 899 mortem
3452 841 3736 901 Postbutni

2111 926 2116 930 ⁴
2139 934 2341 991 Marius
2366 933 2565 992 ibidem
2594 935 2795 991 invasit
2819 934 3130 1005 imperium,
3161 935 3261 992 sed
3280 933 3550 992 continuo
3570 935 3738 993 inter·

2139 1029 2312 1085 sectus
2336 1036 2440 1084 est.
2477 1026 2684 1084 Deinde
2720 1027 3029 1107 Victorinus
3065 1043 3097 1084 a
3127 1026 3300 1084 Gallis
3328 1026 3477 1084 ultro
3502 1038 3733 1097 creatus,

2139 1119 2186 1152 ’⁰
2214 1129 2265 1176 et
2297 1129 2423 1193 post
2449 1118 2732 1190 paululum
2764 1117 2980 1175 occisus
3006 1127 3112 1176 est.
3157 1117 3294 1176 Huic
3337 1119 3614 1176 successit
3642 1119 3738 1176 Te·

2142 1214 2341 1285 tricus,
2375 1213 2470 1286 qui
2513 1222 2643 1272 tunc
2684 1213 2729 1245 '²
2767 1213 3112 1285 Aquitanicae
3150 1211 3486 1285 praesidatus
3513 1211 3735 1270 admini-

2139 1309 2352 1367 strabat
2394 1306 2636 1365 osticium
2655 1348 2670 1374 ,
2714 1307 2760 1339 ⁸¹
2810 1306 3117 1378 multasque
3155 1305 3465 1364 seditiones
3512 1305 3734 1364 militum

2141 1401 2385 1475 pertulit.
2419 1400 2491 1458 At
2515 1416 2650 1458 vero
2677 1401 2732 1458 in
2753 1399 2985 1457 Oriente
3005 1414 3104 1473 per
3121 1398 3431 1457 Odenatum
3454 1397 3734 1471 quemdam

2141 1495 2374 1553 collecta
2403 1495 2606 1567 agresti
2635 1509 2825 1563 manu,
2854 1495 2982 1550 victi
3003 1493 3050 1525 '⁸
3069 1492 3394 1565 repulsique
3414 1484 3625 1560 Persa,
3645 1490 3732 1549 de-

2143 1589 2296 1646 l'ensa
2328 1587 2489 1662 Syria
2511 1629 2528 1658 ,
2561 1599 2781 1659 recepta
2810 1585 3202 1658 Mesopotamia
3229 1593 3317 1641 est
3336 1625 3354 1653 ,
3382 1591 3442 1641 et
3470 1597 3648 1656 usque
3672 1583 3734 1640 ad

2141 1679 2558 1752 Ctesiphontem
2590 1679 2851 1736 rusticani
2876 1677 3054 1751 Syriae
3080 1692 3204 1735 cum
3226 1675 3484 1734 Odenato
3505 1689 3607 1733 suo
3626 1676 3738 1732 via-

2144 1773 2321 1832 cendo
2349 1779 2637 1829 venerunt.
2666 1770 2714 1804 ⁸⁸
2741 1770 3023 1829 Gallienus
3066 1777 3252 1827 autem
3289 1783 3418 1825 cum
3455 1766 3736 1841 rempubli-

2145 1968 2264 2027 ret,
2299 1958 2516 2015 occisus
2542 1964 2649 2015 est.

2621 2051 2784 2127 520
2817 2048 3049 2110 caput·
3088 2049 3284 2108 xxm.

2148 2145 2381 2203 Flavius
2410 2143 2699 2214 Claudius,
2747 2145 2995 2201 Aurelius
3041 2143 3368 2214 Quintillus,
3411 2151 3463 2199 et
3511 2139 3773 2198 Valuiss-

2603 2217 2922 2272 Attrelianus
2944 2218 3299 2288 imperatores.

2220 2333 2382 2390 Anno
2410 2330 2479 2390 ab
2502 2329 2648 2390 Urbe
2674 2328 2893 2389 condita
2917 2344 3104 2399 uxxv,
3129 2329 3146 2360 ¹
3168 2326 3444 2388 Claudius
3462 2325 3739 2400 vigesimus

1709 2494 2167 2555 nAVERcAMPt
2203 2495 2437 2556 NOTAE.

444 2641 513 2684 ex
541 2626 885 2687 Constantini
910 2645 1167 2700 nummo,
1208 2630 1261 2688 in
1288 2645 1400 2705 quo
1426 2629 1834 2690 ALAMANNJA
1865 2631 2041 2691 Gav-

450 2699 622 2755 mvii
651 2700 1117 2761 ROMANoRtJat.

519 2770 611 2826 t5.
650 2769 965 2829 corrodunt.
1017 2773 1190 2848 Lugd.
1230 2774 1373 2831 Bau.
1451 2783 1651 2833 uatuor
1678 2818 1695 2844 ,
1748 2790 1871 2832 cum
1910 2774 2041 2832 coll.

446 2839 690 2896 Gronov.
720 2851 778 2898 et
806 2843 895 2900 ed.
923 2846 1154 2916 August.
1182 2885 1198 2911 ,
1245 2856 1392 2900 contr
1466 2854 1595 2916 unt,
1647 2848 1803 2920 quasi
1844 2848 2045 2904 vellent

449 2913 837 2969 contractiorem
864 2956 880 2983 ,
925 2915 980 2972 id
1020 2926 1104 2974 est
1135 2920 1403 2972 minorem
1442 2921 1844 2988 possessionem
1873 2917 2047 2991 Syrire

451 2981 713 3040 Romanis
742 2984 936 3042 tactam
968 2987 1138 3044 fnisse
1166 3004 1199 3043 a
1228 2988 1463 3046 Partitis.
1517 2989 1669 3046 Flor.
1709 3004 1822 3046 sec.
1853 3033 1870 3060 ,
1916 3007 2047 3046 con-

448 3055 641 3110 radum
661 3095 676 3120 ‚
711 3064 861 3121 tert..
893 3059 1207 3130 conqradiit.
1710 3089 1724 3107 ο

523 3125 615 3208 16.
654 3125 923 3198 Pauperea
948 3132 1114 3186 aeder.
1163 3128 1360 3187 Colon.
1401 3143 1453 3188 et
1486 3132 1715 3189 Matern-
1763 3148 1873 3188 sex.
1918 3131 2043 3190 libri

450 3194 603 3279 editi,
628 3199 783 3254 oeder.
818 3199 1015 3257 Verum
1047 3212 1105 3258 ιιι
1128 3202 1380 3260 Stellioni
1416 3203 1503 3260 ilia
1533 3213 1879 3273 rumpantur.
1910 3205 2046 3260 Oro-

449 3281 565 3323 sius
590 3270 784 3338 probat
810 3271 1098 3344 legendnm
1125 3288 1248 3330 esse
1272 3274 1443 3339 sedes,
1476 3289 1599 3331 cum
1626 3273 1761 3331 dicit
1785 3294 1797 3328 :
1824 3273 1910 3330 Ex
1968 3276 2048 3341 ui-

452 3335 545 3393 bus
566 3357 659 3395 uos
676 3357 881 3413 quoque
900 3345 955 3398 in
982 3343 1243 3416 Hispania
1267 3343 1619 3400 Tarraconem
1638 3354 1885 3402 nostram.
1960 3361 2048 3400 ar-

451 3414 976 3541 {ffiogegggslitalqus
991 3416 1234 3541 ιιὶιιῗιιίεε,
1252 3417 1356 3473 linc
1376 3428 1459 3472 est
1474 3415 2048 3543 ῼίιίτίοιῐίεὲἰῑειῐειιιίω

782 3523 826 3539 ..
901 3502 932 3540 Α
971 3502 1145 3541 τ.-·.
1183 3502 1218 3543 0
1286 3503 1316 3539 ιι
1398 3502 1537 3543 uem
1611 3504 1640 3541 u
1683 3507 1737 3541 t.
1801 3505 1825 3539 a
1882 3527 1895 3540 .
1956 3503 2047 3543 ua-

456 3558 604 3618 tuor,
636 3553 763 3608 cod.
790 3555 931 3610 llltr.
962 3566 1124 3629 atquc
1149 3502 1279 3614 {unq
1301 3501 1546 3615 (fflmov.
1569 3502 1776 3626 invgenh
1795 3504 1963 3626 sedai-¹,
1991 3568 2046 3613 ut

453 3620 527 3673 «le
566 3623 949 3682 emendatione
976 3628 1153 3684 Lantii
1191 3645 1297 3684 non
1340 3631 1412 3684 sit
1436 3629 1789 3685 dubitandum
1817 3671 1833 3696 ,
1881 3645 2043 3701 quam

446 3690 560 3760 jam
592 3693 722 3749 olim
748 3709 814 3752 ex
842 3698 1029 3753 codice
1058 3702 1265 3768 optimo
1294 3702 1603 3770 Angustana
1626 3700 1795 3756 editio
1820 3716 2045 3771 expres-

456 3772 639 3818 serat:
670 3765 905 3836 deniqne
929 3769 1009 3825 sic
1040 3769 1167 3841 legit
1199 3777 1426 3841 uterque
1454 3769 1822 3827 Florentinus.

524 3834 610 3890 17.
645 3834 875 3893 Miseria.-
902 3844 1148 3897 recentia.
1182 3840 1357 3916 Lnga.
1389 3842 1531 3898 Batt.
1568 3852 1711 3912 tres,
1750 3856 1873 3899 cum
1900 3839 2040 3899 Cnll.

2144 2632 2384 2692 Gronov.
2418 2642 2474 2692 et
2500 2635 2626 2693 cod.
2660 2634 2838 2705 Ultr.,
2870 2635 3099 2692 ntiserioe
3125 2635 3429 2710 proesentia.
3504 2653 3509 2659 ·
3660 2704 3665 2708 .

2218 2705 2310 2763 ts.
2338 2706 2652 2776 Compitum
2671 2708 2984 2762 intrinsecus
3008 2709 3240 2779 tyranni.
3260 2704 3517 2778 Triginta
3537 2704 3737 2778 tyranni

2147 2777 3020 2905 ffiffiffqgrftiffpfffisffafftmffffno
3047 2777 3379 2835 exstiterunt
3405 2793 3420 2832 :
3451 2777 3526 2834 de
3555 2777 3736 2849 quibus

2333 2866 2364 2903 n
2475 2867 2485 2902 ι
2562 2866 2589 2905 ι·
2638 2866 2685 2905 ,x
2744 2886 2758 2903 .
2805 2892 2818 2905 .
2899 2866 2928 2904 Α
3007 2889 3021 2904 .

2224 2919 2313 2975 19.
2347 2919 2642 2991 Ingenuus.
2683 2919 2918 2978 Restitui
2965 2935 3161 2977 nomen
3200 2934 3265 2975 ex
3308 2916 3593 2976 Trebellio
3626 2916 3739 2974 Pol·

2152 2989 2304 3047 lione
2332 3001 2387 3048 et
2416 2993 2676 3059 nummis.
2709 2992 3005 3063 Perperam
3032 2993 3086 3047 in
3107 2992 3272 3047 editis
3296 2990 3502 3063 legitur
3518 2988 3737 3046 Genaua.

2214 3062 2306 3118 20.
2338 3060 2409 3117 Et
2438 3073 2554 3132 post
2584 3061 2884 3133 paululum.
2921 3062 3020 3118 Ed.
3044 3063 3208 3133 Aug„
3238 3070 3359 3132 post
3384 3061 3677 3135 paululant.

2216 3132 2309 3189 21.
2342 3133 2688 3202 Aquitanicus.
2712 3133 2883 3204 Lugd.
2907 3133 3050 3189 Bait.
3079 3142 3198 3189 tres
3224 3145 3282 3189 et
3308 3131 3453 3188 Coti.
3480 3132 3736 3198 Gronov„

2148 3203 2467 3275 Aquitaniae.
2497 3203 2534 3258 V
2542 3214 2725 3261 eteres
2749 3215 2986 3275 utroque
3015 3205 3181 3260 modo
3205 3203 3577 3276 scripserunt.

2184 3276 2313 3402 ἐξ.
2352 3275 2670 3348 blattasque.
2701 3275 2912 3347 Copula
2940 3291 3040 3347 que
3073 3276 3145 3332 ab
3177 3275 3436 3331 omnibus
3470 3277 3584 3331 lere
3619 3286 3738 3330 mss.

2149 3361 2178 3400 a
2259 3355 2327 3399 sl.

2222 3416 2316 3474 25.
2352 3415 2690 3501 Repulriqae.
2723 3417 2895 3489 Lnga.
2929 3416 3049 3471 llat.
3081 3423 3212 3473 tert.
3254 3425 3314 3475 et
3337 3415 3484 3472 con.
3513 3415 3738 3475 Gronov.

2071 3523 2120 3587 C
2153 3489 2360 3543 maiunt
2403 3506 2725 3560 remeatque
2747 3534 2763 3560 ,
2794 3488 2939 3560 quod
2972 3489 3116 3543 baud
3149 3487 3304 3557 pejus
3326 3496 3437 3543 est.

2222 3559 2314 3614 24.
2346 3557 2621 3615 Gallienus
2651 3570 2854 3625 autem,
2885 3576 3004 3614 cum
3030 3561 3408 3628 rempublicam
3426 3558 3738 3615 deseruisset.

2150 3629 2412 3686 Nnmunns
2441 3639 2621 3686 tamen
2650 3633 2870 3701 reliquit
2897 3629 3069 3686 titulis
3097 3643 3155 3685 et
3188 3631 3334 3702 typis
3370 3632 3513 3684 satis
3552 3628 3742 3698 magui-

2152 3701 2289 3769 liciS‚
2327 3702 2381 3754 in
2409 3700 2608 3773 quibus
2637 3704 2802 3757 etiam
2833 3704 2987 3774 quasi
3014 3711 3380 3773 tyrannorum
3405 3710 3463 3756 et
3489 3708 3740 3756 monstro·

2148 3786 2268 3827 rum
2316 3772 2552 3827 domitur
2595 3772 2892 3838 Hercules,
2928 3783 2985 3827 ut
3011 3787 3084 3827 ex
3114 3771 3335 3842 adpicto
3370 3772 3597 3826 tnaxitni
3632 3783 3742 3825 tuo·

2148 3842 2259 3899 dult
2291 3844 2619 3900 numismate
2647 3842 2905 3900 caesareo
2933 3843 3198 3915 colligere
3225 3851 3346 3910 est,
3374 3841 3703 3899 celebratur.

513 5482 641 5558 Cap.
661 5478 983 5541 unt-t.
1012 5482 1287 5542 Claudius.
1310 5483 1700 5543 Claudiivitam
1721 5485 2029 5544 Trebellius
2057 5487 2113 5552 D
2135 5487 2340 5543 nummi
2377 5485 2558 5553 illam,
2604 5487 2660 5544 iu
2696 5501 2804 5558 qua
2835 5486 3107 5551 Victoriae
3155 5496 3246 5544 est
3274 5487 3488 5561 typus.
3531 5487 3576 5546 Α
3608 5492 3747 5560 parte

439 5557 681 5627 scripsit.
712 5555 997 5612 Aureliani
1028 5555 1311 5624 Vopiscus,
1339 5557 1434 5628 qui
1454 5557 1619 5614 etiam
1640 5558 1884 5624 Quintilli
1912 5573 2030 5613 me·

442 5628 619 5684 minit.
653 5627 794 5696 Lege
820 5633 1080 5696 proeterea
1106 5626 1427 5697 Eutropium
1453 5637 1509 5685 et
1531 5629 1831 5684 Aurelium.
1865 5629 2035 5687 Fann.

442 5729 515 5741 -
538 5698 615 5754 Ad
644 5699 912 5767 insignem
943 5698 1106 5765 liujus
1134 5696 1348 5754 Claudii
1389 5698 1676 5755 victoriam
1715 5698 1785 5754 de
1818 5698 2034 5766 Gothis,

444 5771 602 5838 cuins
650 5769 983 5824 mentionem
1029 5768 1162 5823 l'acit
1206 5768 1471 5832 Orosius,
1517 5777 1733 5836 spectat
1782 5784 2036 5826 nummus

443 5839 690 5908 ejusdem
716 5839 964 5904 Graecus,
986 5840 1039 5894 in
1062 5837 1319 5912 AEgypto,
1340 5849 1398 5895 ut
1419 5837 1684 5906 creditur,
1704 5854 1873 5897 cusus
1893 5855 2038 5898 anuo

444 5909 655 5977 imperii
685 5909 805 5980 elus
833 5908 1111 5979 secundo,
1141 5920 1301 5983 prout
1344 5910 1667 5975 inscribitur
1710 5912 1778 5968 ad
1821 5922 2034 5985 partem

2137 5560 2323 5629 priore
2356 5569 2518 5628 eaput
2556 5569 2641 5614 est
2672 5556 2849 5615 Taciti
2886 5560 3197 5615 laureatum
3219 5600 3238 5626 ,
3276 5573 3411 5615 cnm
3444 5558 3745 5631 epigraphe·

2138 5632 2488 5709 ΛΥτοκρὰτωρ
2532 5633 2732 5709 nato-ap
2773 5638 3072 5688 ιιΛΔΥΔιοε
3115 5645 3435 5694 assuetos.
3471 5631 3745 5703 Imperator

2141 5699 2315 5756 Coesar
2334 5700 2588 5757 Claudias
2612 5707 2899 5775 Augustus.
2932 5703 3102 5757 inseri
3148 5702 3369 5757 tionem
3398 5702 3647 5758 eamdem
3666 5698 3745 5754 ha-

2143 5771 2240 5827 bet
2279 5771 2421 5828 alter
2465 5787 2618 5829 meus
2666 5786 2935 5828 nummus
2977 5774 3067 5841 eju
3140 5787 3235 5827 em
3272 5772 3529 5839 ctandti,
3571 5774 3623 5828 in
3652 5782 3743 5840 qt·

2140 5853 2476 5899 consuetum
2506 5845 2558 5898 in
2582 5843 2865 5912 ejusmodi
2903 5845 3070 5901 :ereis
3099 5842 3386 5915 nummis,
3430 5843 3625 5917 aquil:
3644 5854 3741 5898 rc·

2143 5914 2302 5969 nitur
2327 5914 2665 5988 symbolum.
