4192 6434
218 333 288 395 roeo
392 287 394 291 ’
738 323 1265 402 animumanimumum.
1287 330 1344 388 uu.
1794 329 1866 390 roso

216 449 326 504 olseium
350 445 453 513 babuit,
470 462 484 500 a
500 461 554 518 quo
574 446 752 514 veliementer
767 447 777 480 ¹
793 446 942 520 increpitus
961 456 1013 513 est,
1028 449 1056 523 A
1070 450 1080 483 ⁸
1096 449 1280 520 proventibus,
1305 451 1426 521 priorum
1440 448 1522 506 oblita
1536 448 1692 505 defectuum
1716 458 1769 505 est.
1791 452 1867 505 lloue

218 541 289 610 qum
302 552 396 596 coitura
411 541 519 598 loeulus⁷
535 541 638 597 Luculli
653 550 680 597 et
696 541 829 612 Pompeii,
845 541 959 598 avaritia
974 541 1017 597 in·
1069 542 1168 600 deiude
1190 543 1388 600 recentissimae
1408 541 1599 610 prosperitatis
1617 541 1773 609 jactantiam
1791 542 1866 597 ltali-

216 631 321 697 ductus,
336 631 501 703 llnpbrutein
512 632 658 689 transierit.
672 632 857 704 Quamobrem
868 633 1017 690 sicomoro
1068 650 1130 692 otum
1147 635 1247 693 bellum
1267 645 1294 690 et
1307 633 1468 690 dilaceratio
1484 633 1595 705 Syllana
1618 634 1744 704 castigat.
1764 634 1868 690 ltnrsus

217 723 349 792 intimum,
358 734 398 791 ut,
411 741 462 794 pro
471 741 537 781 auro
547 725 686 794 Parthico,
694 725 793 784 senen
805 726 880 781 ierro
889 739 1018 792 otterarep·
1069 740 1131 797 post
1144 726 1213 783 batto
1224 726 1404 784 domesticam
1416 725 1629 796 intestinamque
1639 727 1801 796 perniciem,
1812 742 1866 796 iqua

217 826 270 872 tur.
291 816 387 888 ltaque
407 833 469 874 curn
486 833 571 890 prope
583 819 682 875 Carras
697 829 807 875 rentum
823 830 908 882 esset,
923 819 1016 874 Pastbi
1044 853 1053 877 ι
1069 816 1203 887 usquead
1221 816 1355 874 medullas
1369 830 1439 886 pene
1451 816 1602 873 erisoeruta
1613 825 1736 874 oteresa
1752 826 1806 882 est,
1821 833 1864 886 pm·

216 908 298 983 &13
319 910 410 966 subito
424 913 435 941 ¹¹
448 912 627 982 ingruentes¹
646 926 709 982 cunt
733 912 839 968 Surena
858 920 886 973 et
904 910 1015 977 sillace,
1068 909 1143 964 ribus
1156 909 1352 980 propemodum
1365 910 1462 980 spatiis
1479 919 1631 978 temporum
1648 925 1702 965 non
1716 910 1808 966 solutu
1823 926 1866 966 re·

218 1004 355 1074 protectis
366 1005 483 1076 sagittis,
495 1005 820 1076 oppresserellomnnos.
833 1003 966 1068 Cecidere
979 1004 1017 1062 tbi
1069 1012 1182 1073 parata,
1206 1019 1299 1060 rerum
1324 1006 1406 1060 etiam
1431 1011 1541 1059 extumo
1564 1013 1626 1070 est,
1649 1019 1710 1060 cum
1737 1003 1866 1061 Lucullus

217 1096 325 1169 plurimi
350 1108 509 1165 senatores,
528 1099 549 1130 ¹¹
562 1099 668 1170 aliquot
689 1101 773 1154 etiam
790 1098 965 1165 musulares,
989 1106 1017 1154 et
1068 1094 1173 1160 Asiam,
1195 1094 1341 1164 Ponipeius
1356 1096 1526 1164 llispnuiam,
1551 1096 1644 1150 cursat·
1666 1096 1785 1151 Gallinas
1806 1112 1867 1166 per·

218 1190 338 1261 praetorii
354 1191 418 1248 riri.
433 1190 554 1256 Crassus¹
564 1205 674 1262 quoque
687 1190 763 1254 lilius
778 1190 884 1258 lirasg'n,
898 1188 1017 1248 lectissi·
1068 1186 1186 1256 tlotnuit‚
1200 1189 1408 1258 Rorirauuruque
1423 1189 1567 1259 imperinm
1583 1204 1670 1258 usquo
1684 1189 1718 1244 ad
1729 1199 1869 1259 extremos

217 1295 280 1337 nius
290 1281 413 1350 juvenis,
427 1281 457 1336 in
473 1280 533 1337 acie
547 1283 656 1338 occisus
677 1291 730 1348 est.
745 1279 883 1349 Praeterea
898 1288 1017 1350 quatuor
1069 1281 1266 1351 propemodum
1283 1291 1363 1336 terrae
1379 1282 1512 1336 terminos
1528 1291 1706 1352 propagatum
1723 1292 1775 1337 est.
1791 1282 1868 1344 Hoste

217 1372 348 1429 cobortes
359 1387 423 1428 euru
435 1370 613 1444 vargunteio,
634 1372 733 1444 mediis
747 1371 929 1444 deprebensae
942 1387 1016 1440 enan
1068 1388 1142 1429 atino
1165 1373 1364 1443 amplissimam
1388 1373 1574 1440 dilatationem
1608 1374 1764 1430 uastissima
1788 1375 1866 1432 ruirra

217 1467 259 1538 pis
272 1475 300 1522 et
314 1465 468 1523 interiectae
483 1474 557 1532 snat.
572 1468 694 1525 Sitreuas
705 1477 784 1539 rapto
798 1470 922 1540 equitatu
934 1466 1016 1536 Cras·
1069 1465 1256 1537 eorrsequitur.
1282 1466 1361 1534 opud
1384 1466 1500 1523 Partbos
1514 1466 1586 1521 enim
1611 1468 1706 1522 consul
1728 1467 1868 1527 llonratunr

217 1572 276 1616 sum
297 1560 426 1631 persequi
444 1560 584 1624 intendit:
601 1575 719 1646 eumque
740 1560 961 1618 circumuentum
983 1575 1017 1618 ac
1069 1557 1215 1622 occiditur,
1232 1558 1243 1590 ¹
1261 1558 1458 1629 exercitusque
1473 1559 1593 1625 deletur,
1613 1561 1815 1616 atrocissimum
1836 1562 1867 1616 il·

216 1648 318 1714 trustra
333 1650 500 1722 colloquium
515 1650 575 1722 ejus
593 1658 733 1722 petentem
748 1650 902 1720 interiecit,
919 1666 1016 1721 quarn·
1069 1651 1114 1707 lud
1129 1652 1240 1722 Pompei
1256 1660 1283 1710 et
1300 1650 1416 1708 Caesaris
1434 1651 1536 1709 bellum
1551 1652 1632 1709 ciuile
1650 1656 1818 1722 cursorum,
1840 1665 1868 1712 et

216 1747 257 1800 ris
271 1747 364 1800 uirum
377 1744 488 1812 auterre
506 1744 659 1802 maluisset.
675 1744 758 1802 Pauci
771 1745 859 1803 noetis
881 1745 1015 1802 benetioio
1069 1743 1141 1802 inter
1156 1744 1215 1802 baec
1238 1744 1325 1802 Roma
1349 1746 1406 1815 ipso
1429 1746 1574 1817 repentino
1599 1760 1728 1816 correpta
1742 1746 1868 1804 irruendio

215 1836 338 1907 liberati,
357 1840 379 1870 ¹¹
399 1837 505 1894 Carras
522 1837 713 1909 confugerunt.
733 1837 849 1908 Cognita
868 1837 946 1895 clade
963 1837 1017 1894 lto-
1030 1828 1057 1905 B
1070 1846 1271 1894 concrematur.
1287 1838 1388 1894 ¹durno
1403 1838 1537 1905 siquidem
1550 1840 1584 1894 ub
1599 1838 1672 1896 Urbe
1683 1840 1791 1895 condita
1806 1857 1867 1907 oce,

216 1944 379 1999 manorum,
413 1931 507 1999 multae
531 1929 652 1988 brienus
677 1931 825 2000 prouincia
848 1946 863 1986 a
883 1933 1017 1990 societate
1068 1931 1202 1987 lucernum
1218 1931 1292 1987 uode
1315 1940 1473 1996 curreretus,
1498 1932 1645 2001 plurimam
1662 1932 1744 1988 Urbis
1764 1944 1867 2003 partem

216 2022 465 2094 ¹²vellidepopull
477 2022 1016 2093 Romanideiecissent,uicussius,col·
1068 2025 1138 2095 iguis
1155 2024 1264 2086 intrusit.
1287 2037 1375 2094 neque
1398 2039 1526 2095 uniquam
1545 2033 1624 2079 uinea
1642 2034 1719 2080 tanto
1741 2025 1868 2082 iirceodio

216 2117 300 2184 leolis
319 2133 352 2174 ex
372 2117 434 2190 loga
448 2116 582 2184 militibus
596 2117 700 2187 pande,
718 2117 948 2174 intumescentem
963 2116 1016 2189 Sy·
1067 2125 1222 2187 correptam
1244 2132 1276 2172 uc
1295 2123 1427 2171 vastatam
1443 2117 1582 2172 civitatum
1597 2114 1698 2172 lerunt.
1719 2116 1786 2172 Num
1803 2133 1868 2188 qua·

215 2216 284 2276 riam
298 2217 408 2289 egregia
422 2216 505 2273 autimi
524 2216 627 2272 uirtute
644 2231 678 2272 ac
696 2216 1016 2287 moderatiouepressin
1069 2208 1221 2264 tuordeeim
1235 2209 1310 2264 imos
1323 2223 1386 2264 euin
1402 2209 1462 2266 rico
1473 2209 1581 2280 jugario
1596 2220 1774 2280 corisumptos
1785 2212 1869 2270 luisse

216 2315 259 2366 ret
274 2324 281 2362 ι
296 2306 346 2380 qui
361 2306 564 2364 etdntiocbum
577 2305 726 2379 copiasque
740 2306 1017 2379 eiusingenrenpras·
1069 2301 1233 2358 memoriae¹
1252 2301 1389 2372 proditum
1412 2308 1465 2358 est.
1491 2302 1560 2357 ltine
1576 2302 1634 2372 jum
1660 2302 1762 2359 bollum
1788 2306 1869 2363 etrite

217 2398 255 2462 lio
269 2399 388 2468 vicinat
403 2398 560 2466 biterlecits
576 2398 598 2432 ¹¹
610 2397 726 2456 Pambos
739 2414 865 2470 quoque,
880 2397 916 2456 ab
925 2397 1017 2457 Orode
1068 2392 1262 2459 committitur,
1274 2393 1346 2458 nuod
1359 2393 1464 2463 uuugms
1475 2392 1635 2461 jamdudum
1647 2393 1868 2453 dissensionibus

215 2490 245 2550 in
266 2491 376 2564 Syriam
397 2493 513 2560 museo,
535 2491 647 2563 mmque
668 2491 811 2564 ingressos
827 2490 1017 2560 Antiochiam,
1068 2498 1102 2542 tc
1116 2484 1304 2553 molitionibus
1319 2485 1476 2555 parabatur.

215 2585 289 2656 bello
313 2586 437 2658 expulit,
462 2585 616 2657 ducemque
641 2600 737 2644 eorum
760 2584 783 2630 ¹¹-
798 2582 905 2646 Oaaeeu
934 2583 1018 2641 iater-
1319 2594 1402 2670 ω
1421 2593 1538 2653 ceper
1559 2596 1618 2653 xv,

219 2677 295 2748 leuia
1070 2688 1189 2747 uatem
1200 2690 1272 2747 cirili
1282 2690 1353 2763 quod
1365 2692 1574 2746 moestissimum
1589 2692 1677 2748 Coesor
1689 2704 1712 2748 et
1729 2693 1870 2767 Pompeius

507 2770 623 2836 cuullt
646 2770 718 2829 ΚΝ.
1400 2774 1546 2837 gesseruut.

216 2862 261 2922 Dr
278 2864 447 2928 mutabititote
468 2864 580 2922 flomoui
603 2863 723 2936 imperii,
745 2863 933 2935 mortuorum
949 2865 1019 2923 oetnt
1105 2856 1180 2926 litut
1190 2856 1306 2924 rodiam
1318 2855 1412 2916 cosor
1425 2858 1513 2916 uictor
1527 2872 1561 2915 eu
1577 2858 1677 2927 Gallia,
1694 2859 1804 2918 decerni
1820 2861 1870 2918 sibi

542 2935 671 3007 ‘dullum-
1070 2950 1177 3019 maenti
1189 2950 1311 3018 alterum,
1323 2949 1496 3008 consulatum
1513 2953 1649 3022 poposcit.
1664 2950 1870 3011 Contradictum

254 3048 338 3121 igitur
351 3048 467 3105 llomani
486 3057 575 3103 status
590 3046 696 3118 agitur¹
714 3061 823 3118 semper
842 3049 947 3105 alterna
959 3064 1019 3105 mu-
1070 3056 1113 3118 est
1124 3048 1133 3078 ¹
1146 3062 1162 3102 a
1177 3044 1309 3116 Marcello
1322 3045 1445 3111 consule,
1461 3044 1602 3101 adnitente
1614 3045 1755 3117 Pompeio,
1772 3047 1872 3104 deiude

217 3143 298 3211 tatio,
322 3151 351 3199 et
363 3142 439 3198 relut
459 3142 546 3196 l'orma
561 3140 662 3197 Oceani
688 3142 782 3207 rearis,
796 3154 858 3211 qum
878 3140 953 3196 omni
972 3140 1018 3197 die
1071 3141 1211 3197 decretum
1228 3147 1271 3194 est
1285 3154 1300 3192 a
1314 3146 1427 3204 serrato,
1444 3146 1473 3192 ut
1488 3138 1513 3192 in
1530 3138 1632 3195 Urbem
1646 3141 1805 3201 Cusarnou
1821 3141 1872 3196 nisi

217 3235 323 3307 dispar,
336 3251 408 3292 unire
423 3234 560 3291 succiduis
572 3249 620 3304 per
634 3243 739 3305 septem
752 3233 812 3290 dies
824 3234 961 3290 attollitur
975 3211 1055 3289 in·C
1071 3234 1184 3289 dimisso
1196 3231 1317 3287 exercitu
1332 3230 1448 3294 ueniret,
1465 3237 1493 3285 et
1506 3246 1539 3285 ex
1555 3230 1674 3286 tiaroelli
1689 3232 1812 3288 consulis
1825 3248 1873 3286 au-

216 3329 376 3393 crementis,
390 3343 462 3383 nunt
475 3326 699 3397 insequentlbts'
713 3324 1020 3402 totidendtebusqlq
1072 3329 1198 3388 ctoritate
1220 3326 1254 3382 ad
1277 3327 1412 3397 legiones,
1430 3341 1491 3396 (pirae
1518 3326 1589 3395 apud
1608 3324 1754 3383 briderium
1781 3337 1874 3394 erant,

218 3421 338 3495 naturali
352 3420 453 3478 damno
469 3430 497 3476 ot
517 3418 626 3476 deiectu
647 3418 778 3476 interiore
796 3418 966 3476 subducitur.
982 3419 1018 3478 Ut
1073 3422 1220 3493 Porupeius
1230 3435 1292 3478 curn
1307 3419 1421 3489 imperio
1436 3419 1536 3474 missus
1547 3430 1598 3475 ost.
1611 3417 1704 3476 Caesar
1715 3418 1872 3475 ltaretruam

218 3516 293 3574 enim
322 3518 356 3574 de
387 3515 519 3588 proximis
547 3513 656 3581 ordiar,
682 3513 800 3569 cimbris
824 3512 1039 3585 tigurinisque.
1073 3528 1134 3569 sose
1150 3512 1277 3568 ootitulit.
1302 3511 1336 3567 ll.
1361 3513 1495 3567 Autronius
1510 3510 1606 3580 ot¹Q.
1627 3511 1749 3582 cassius,
1772 3512 1874 3568 tribuni

220 3609 406 3676 vincentibus,
421 3624 484 3665 cum
499 3607 571 3679 apud
587 3604 750 3663 llbodanum
766 3604 869 3663 flumen
881 3606 1020 3663 Romanus
1074 3606 1174 3676 plebis,
1189 3601 1359 3674 procursare
1373 3603 1589 3672 intercedentes,
1605 3603 1789 3668 interdicente
1805 3605 1874 3662 Lou-

221 3703 364 3762 exercitus
379 3700 472 3773 periit,
487 3698 656 3756 arctissimas
670 3698 758 3755 Roma
769 3698 856 3756 sensit
870 3699 1020 3772 angirstias,
1076 3699 1134 3756 tulo
1159 3698 1288 3767 consule,
1305 3697 1380 3754 curia
1402 3698 1517 3766 loroque
1532 3695 1661 3766 probibiti
1682 3697 1715 3754 ad
1739 3695 1874 3754 Cursarem

220 3795 318 3858 retusa
331 3794 463 3850 continuo
483 3792 563 3850 clade
582 3791 767 3858 Cimbrorum,
791 3792 926 3864 maguis*
951 3793 1022 3849 elata
1077 3791 1190 3864 preteeti
1202 3800 1280 3857 suut,
1297 3788 1439 3845 ¹Curione
1458 3789 1539 3844 simut
1554 3788 1697 3859 coelioque
1710 3790 1875 3845 oiirnitami-

862 3906 1088 3978 tinnunculum
1108 3906 1227 3965 NOTAE.

259 4003 287 4059 d.
307 4000 466 4071 inmeritus.
492 4001 557 4058 blss.
583 4000 694 4072 quidam
722 4002 886 4073 increpetur,
915 4010 944 4060 ot
961 4016 1023 4058 mon
1077 4001 1142 4058 llos.
1158 4000 1246 4071 bugd.
1265 4000 1338 4056 batt.
1352 4000 1406 4058 duo
1421 4015 1484 4056 curn
1498 3999 1567 4057 Coll.
1588 4001 1721 4071 Gronov„
1741 4002 1767 4056 iu
1783 4018 1875 4058 corias·

222 4077 281 4132 lere
292 4087 389 4128 omnies
405 4089 452 4127 cur
464 4088 513 4143 pro
526 4074 608 4141 qtrod.
1077 4072 1221 4145 psentibus.

259 4146 287 4200 7.
309 4143 415 4200 Luculli
427 4153 450 4198 et
467 4144 595 4217 Pouupeii.
615 4142 718 4202 Contra
731 4158 798 4202 utre.
814 4143 841 4200 io
862 4142 1023 4214 quibusdum
1114 4144 1141 4201 3.
1160 4142 1433 4216 bramburgensi.
1451 4153 1506 4202 tres
1519 4158 1580 4199 curu
1593 4143 1718 4201 Florem.
1734 4153 1809 4213 tert,
1824 4147 1875 4200 ete·

224 4215 288 4276 edd.
304 4214 410 4272 excidit
433 4215 588 4284 conjunctio
611 4225 645 4281 et,
666 4230 747 4284 apuam
776 4213 915 4286 negligere
940 4213 1022 4272 Febr.
1078 4224 1147 4272 mre.

223 4297 253 4346 et
266 4286 377 4344 Scottus
397 4301 452 4342 non
467 4287 628 4347 debuerunt,
653 4302 717 4342 euru
733 4301 768 4346 es
790 4285 841 4344 illa
860 4284 1024 4356 negligentia
1115 4292 1141 4344 t.
1155 4286 1335 4343 Proueutilmr.
1356 4286 1423 4343 Edd.
1439 4286 1574 4355 quamdam,
1588 4289 1758 4360 provectibus.
1777 4287 1874 4345 lloleut

224 4360 307 4430 longe
327 4358 396 4413 alius
414 4357 479 4413 buic
494 4358 554 4413 loco
579 4368 606 4413 ot
627 4356 736 4428 ineptus
749 4368 784 4413 stt
805 4370 915 4412 seusus.
930 4356 1025 4428 usquo
1079 4373 1141 4415 mor
1157 4373 1223 4414 mss.
1237 4359 1340 4431 aliquot
1354 4368 1403 4412 eal.

225 4430 300 4488 euim
317 4428 461 4496 Pourpeio,
485 4444 564 4498 quem
585 4429 855 4486 coruineutissimuut
874 4442 959 4498 supra
977 4443 1025 4499 ap·
1115 4430 1142 4487 5.
1159 4429 1358 4501 beorritanae.
1369 4428 1499 4499 Copulom
1511 4446 1564 4486 non
1578 4430 1701 4502 agnoseit
1713 4429 1798 4501 bugd.
1813 4429 1871 4484 Bal.

263 4500 347 4567 llarit,
362 4498 411 4556 sed
424 4500 524 4555 Crasso
536 4500 650 4554 avaritia
671 4501 812 4569 corruperit.
830 4498 944 4560 Factum
957 4514 1025 4558 uero
1080 4500 1230 4558 secundus.

227 4572 255 4630 td
270 4571 320 4638 itit
332 4587 348 4626 ³
358 4571 456 4628 Crasso
466 4580 566 4626 touttt-
576 4569 820 4641 iatttttliiutituum.
833 4569 936 4632 deiude
948 4570 1028 4638 Puutr
1116 4571 1144 4629 d.
1156 4572 1231 4626 durno
1245 4572 1374 4643 siquidem
1387 4570 1418 4625 ot
1434 4570 1503 4627 Urbe
1513 4575 1618 4628 rorrdito
1633 4588 1690 4629 noo.
1710 4574 1766 4628 lloo
1781 4572 1876 4627 iucen-

228 4642 281 4771 [ἐξῆ
294 4641 474 4769 gaqum?
494 4639 607 4696 bricullo
621 4642 647 4696 iu
671 4641 743 4697 bello
766 4639 948 4698 blitbridatico
961 4655 1027 4706 enee
1082 4643 1412 4772 qloircrurgaqr¹tloull)3¹manisque¹
1435 4641 1512 4769 alubis
1535 4654 1623 4771 qgrtq³
1632 4642 1876 4770 dioilmaenqrq‘dsigii

265 4730 293 4768 ss
356 4730 482 4780 ,oeu.
1128 4730 1145 4769 o
1232 4730 1720 4781 arurn1,.au,.arr
1841 4751 1876 4779 ..‚

265 4785 293 4840 8.
307 4782 471 4855 ingruentes.
490 4783 561 4840 Edit.
578 4784 692 4853 dngrtst.
707 4784 846 4852 irruentes.
1042 4735 1159 4842 I'annno
1173 4800 1255 4842 noctu
1277 4755 1440 4857 obse’qucns.
1461 4784 1499 4841 llo
1513 4785 1610 4843 eodem
1633 4785 1701 4841 birli
1726 4786 1878 4852 auotorita-

267 4855 296 4911 9.
313 4851 380 4911 Cum
393 4855 497 4910 Surena
512 4863 536 4907 et
549 4853 657 4909 Sittace·
672 4853 901 4925 Vuissutuutttidttt
915 4854 1029 4918 Sulluctu
1082 4866 1135 4915 tem
1150 4856 1261 4912 adducit
1272 4856 1385 4914 Orosius
1398 4855 1447 4911 lib.
1463 4871 1511 4920 ru,
1529 4872 1555 4912 c.
1569 4858 1597 4912 i.
1611 4856 1694 4915 Foru.

230 4926 331 4998 legitur
346 4944 353 4980 ι
368 4926 447 4996 Apud
464 4924 639 4980 Plutarebum
657 4934 710 4993 est.
726 4925 856 4994 Σιλλάκης·
870 4925 955 4986 unu.
1117 4928 1143 4983 7.
1158 4926 1298 4983 Prodituur
1308 4938 1356 4983 eet.
1372 4926 1558 4999 hirmenaldum
1575 4929 1660 4984 eled.
1678 4930 1808 5001 liugane,
1821 4936 1876 4980 tro·

267 4998 313 5054 tu.
333 4997 447 5068 Aliquot.
473 4995 547 5051 Edit.
569 5012 611 5067 pr.
626 5005 655 5053 et
678 5003 878 5068 augustodun
894 4996 981 5062 narn
1001 5006 1031 5058 et
1081 4999 1166 5058 otone
1176 5007 1225 5056 ert.

234 5066 343 5125 Veneti.
356 5067 448 5139 aliqui.
1117 5070 1180 5143 Cup.
1196 5070 1254 5125 XV.
1267 5099 1304 5111 -
1322 5071 1348 5126 l.
1369 5070 1530 5125 Adlurcello
1544 5071 1660 5126 cousule.
1676 5070 1788 5127 liuberti
1812 5072 1882 5126 liber

272 5138 318 5196 ll.
333 5138 439 5195 Curras.
454 5138 505 5194 Ed.
521 5140 650 5209 August,
664 5148 693 5194 ut
709 5150 736 5195 et
755 5138 818 5204 cod.
833 5136 904 5196 llllr.
920 5139 1031 5210 ubique,
1082 5140 1135 5198 boc
1147 5141 1269 5211 auriplius-
1278 5140 1371 5206 babet,
1386 5139 1520 5209 obibuilo,
1535 5159 1551 5195 o
1564 5141 1673 5196 Corone.
1696 5139 1832 5198 dutirrum
1847 5140 1881 5195 de

234 5209 476 5265 tiburtosexltibet.
1084 5211 1126 5267 itis
1138 5212 1356 5269 dissensionibus
1372 5228 1433 5267 oum
1454 5227 1551 5268 omues
1564 5213 1647 5266 multa
1661 5214 1792 5280 sortitam,
1809 5214 1882 5279 pruti-

269 5281 317 5337 Β,
334 5277 383 5335 Vel
398 5282 460 5347 nde.
477 5279 541 5335 llas.
557 5279 669 5350 quiidam
683 5290 713 5337 et
724 5281 800 5347 edd,
811 5289 836 5337 et
850 5280 913 5350 pute.
1082 5282 1247 5349 domesset,
1270 5283 1314 5339 bic
1327 5283 1399 5339 nelle
1422 5281 1524 5354 aliquid
1544 5295 1689 5341 aurmtare.
1705 5284 1778 5353 Lego
1793 5284 1882 5338 Cusa-

271 5352 316 5408 ld.
333 5349 607 5422 sauromatarum.
623 5351 663 5410 lle
678 5367 736 5412 rea
750 5353 847 5412 (tassio
857 5352 1031 5416 munuum-
1084 5369 1152 5417 rcm,
1165 5352 1330 5423 Appianum,
1345 5353 1520 5410 Plutarchum
1534 5363 1697 5411 etoaeteros.
1714 5356 1796 5412 Fron.

236 5420 300 5482 rbus
313 5432 402 5496 gesta,
424 5430 452 5482 et
465 5422 553 5482 Osaoe
571 5421 642 5490 duce
656 5425 758 5490 occiso,
772 5423 871 5492 Cicero
885 5423 967 5494 epist.
982 5422 1030 5489 so.
1119 5425 1147 5478 2.
1170 5425 1202 5493 Q.
1217 5423 1330 5482 danim.
1344 5425 1381 5480 lta
1394 5440 1490 5482 ornnes
1503 5425 1575 5482 bunc
1592 5427 1745 5493 nominant,
1760 5424 1882 5496 exceptis

236 5491 301 5550 libr.
314 5509 341 5562 r,
356 5492 391 5550 ad
405 5493 506 5554 ditio:
526 5491 579 5548 llio
593 5485 666 5550 libro
680 5493 889 5565 quintuplicet.
1084 5496 1180 5554 lirosii.
1199 5496 1296 5563 libris,
1315 5495 1459 5567 inquibus
1485 5494 1575 5552 Publii
1604 5512 1760 5568 prmuomen
1788 5495 1880 5549 lorber.

274 5564 318 5620 il.
344 5563 454 5622 Orneon.
479 5563 566 5633 bugd.
594 5563 667 5632 Bell.
696 5580 806 5636 omines,
831 5581 902 5628 uuiti,
916 5566 984 5626 lillr.
1006 5576 1033 5621 et
1120 5567 1148 5623 ὅ.
1170 5565 1283 5623 Curione
1296 5565 1437 5639 Coelioqtte.
1451 5568 1502 5623 llio
1515 5579 1557 5622 ost
1570 5567 1609 5622 tl.
1625 5568 1721 5625 Coelius
1737 5567 1836 5637 linitis,
1849 5563 1884 5627 de

235 5634 308 5693 coll.
321 5634 524 5708 Gronou.,‚0su
542 5651 583 5690 ru.
1086 5638 1290 5709 eujusinmritu
1314 5639 1481 5711 paulopost.
1506 5638 1585 5707 Quod
1610 5655 1660 5710 ego
1693 5637 1880 5693 annutmrduor

273 5707 339 5763 Cur.
358 5697 472 5764 lutb-
483 5652 635 5777 bgentpaer.
651 5705 735 5776 Abest
750 5704 864 5779 abngd.
878 5707 936 5770 idat.
952 5723 993 5779 ptr-r
1006 5715 1035 5766 ot
1090 5715 1202 5781 propter
1217 5709 1332 5766 Diouem
1345 5709 1453 5780 putari,
1468 5710 1539 5792 apud
1556 5726 1636 5781 quem
1658 5707 1737 5791 initio
1754 5708 1801 5763 lib.
1820 5722 1884 5773 rut,

237 5774 307 5844 Geli.
322 5777 441 5848 Grottoy.
1090 5781 1216 5838 medina
1229 5783 1399 5851 proauum,
1414 5797 1462 5839 seu
1477 5792 1566 5852 potrus
1580 5782 1687 5848 uuilon,
1702 5779 1743 5836 bis
1755 5777 1886 5835 mendoso

274 5847 303 5904 ἱ.
321 5847 531 5924 tormentillae.
559 5842 629 5922 W·
653 5849 778 5921 qnasdm
808 5848 1034 5922 commonibus
1093 5851 1201 5923 legitur.
1216 5849 1299 5909 rim
