4192 6434
242 477 292 536 ιιι
943 459 1179 535 nauitonostt
1846 473 1898 532 sss

212 596 216 603 “
241 575 367 649 “incidit
380 590 407 648 in
419 588 590 648 Autariatas:
606 585 958 661 qulpropterintolcranda
971 590 1042 646 umi·
1054 593 1082 655 Α
1094 604 1142 661 per
1169 587 1311 645 Orientem
1335 587 1408 644 inter
1430 588 1520 645 socios
1540 585 1619 662 regni
1639 583 1811 648 Macedonici
1827 589 1896 649 bella

242 685 368 743 titudinis
382 699 464 743 ranas
478 694 506 742 et
519 695 622 751 mures,
636 682 734 739 relicto
751 682 912 754 patriosala
930 690 958 738 et
970 684 1042 738 anti·
1095 682 1189 755 gessit.
1205 680 1344 752 Principio
1371 681 1547 755 Babyloniam
1573 682 1644 739 bello
1670 685 1845 756 expugnavit
1870 697 1896 744 ct

240 783 304 854 quis
328 780 502 847 habitaculis,
517 772 695 851 emigrantes,
711 794 795 835 noras
813 777 892 836 sedes
909 787 1043 851 praetenta
1095 778 1176 845 cepit.
1193 774 1354 831 Bactrianos
1368 777 1448 832 noris
1459 775 1579 831 motibus
1603 785 1784 849 assurgentes
1804 777 1899 849 perdo

242 871 354 929 interitu
377 886 444 943 pace
466 869 655 942 requirebant.
681 870 735 927 Scd
750 871 902 929 Cassander
916 878 944 927 et
957 871 1045 928 virtu·
1097 870 1174 926 mult.
1190 869 1346 927 Transitum
1362 870 1497 928 deindein
1511 871 1614 928 indiam
1635 873 1725 930 iecit:
1751 890 1818 946 quac
1840 887 1900 947 pust

240 971 309 1030 tem,
331 970 359 1020 et
373 962 574 1019 multitudinem
595 961 685 1035 gentis
709 976 874 1035 agnoscens,
899 978 933 1020 ue
956 963 1045 1022 adacti
1097 972 1212 1020 mortem
1228 961 1388 1033 Alexandri,
1408 964 1495 1019 veluti
1518 964 1643 1021 detracto
1676 980 1852 1039 excussoque
1882 986 1898 1025 a

243 1055 408 1113 necessitate
420 1053 606 1113 liacedoniam
619 1054 694 1113 bello
705 1063 859 1134 quaterent,
872 1063 954 1126 atque
966 1055 1041 1112 inra-
1096 1054 1247 1111 cervicibus
1259 1055 1334 1127 jugo,
1355 1055 1499 1127 praeiectos
1511 1055 1570 1127 ejas
1585 1056 1736 1126 occiderat,
1755 1063 1780 1097 ¹¹
1794 1059 1900 1118 Andre

242 1148 350 1218 dorent,
366 1155 495 1222 receptos
508 1148 716 1219 insacietatem,
727 1149 755 1206 in
766 1147 1045 1232 ultimisliacedoniae
1097 1153 1173 1202 cotto
1186 1146 1303 1217 quodam
1318 1147 1352 1202 ad
1368 1147 1558 1204 vindicandam
1575 1147 1729 1207 libertatem
1744 1149 1818 1208 duce
1833 1170 1840 1207 :
1855 1154 1900 1225 qni

131 1247 136 1254 “
241 1241 344 1298 linibus
358 1240 488 1298 collocat.
505 1239 570 1299 lndc
584 1257 646 1299 cum
666 1242 721 1315 jam
741 1239 762 1275 ⁸²
774 1241 907 1300 Hercules
923 1240 1044 1300 Alexan·
1097 1240 1394 1312 postoacrudciiterin
1417 1241 1492 1298 cives
1512 1257 1606 1315 agens,
1629 1258 1699 1315 quos
1717 1244 1752 1302 de
1784 1258 1900 1304 externa

243 1331 630 1422 dri-lhilusqquatnordecinr
659 1345 734 1392 esset
758 1350 907 1403 annornm,
946 1333 1045 1394 timens
1097 1333 1282 1391 dominatione
1308 1334 1479 1402 defenderat,
1513 1334 1570 1407 ipse
1600 1337 1716 1394 servitio
1747 1340 1899 1409 premebat.

245 1425 325 1502 m
335 1426 360 1461 ⁸'
372 1442 407 1484 ne
420 1412 483 1484 eum
494 1426 654 1485 Macedones
670 1427 748 1501 quasi
771 1428 922 1501 legitimum
950 1446 1044 1503 regem
1098 1427 1166 1484 Cum
1178 1428 1231 1484 irnc
1247 1443 1313 1500 crgo
1327 1428 1498 1485 Androcotto
1515 1427 1648 1488 Seleucus
1674 1434 1806 1503 quamvis
1820 1436 1899 1492 multa

242 1521 439 1590 praeoptarent,
456 1518 638 1577 occidendum
653 1519 734 1576 tacite
747 1534 810 1576 cum
825 1530 914 1580 matre
927 1523 1045 1580 curarit.
1098 1520 1181 1595 ξω
1194 1528 1222 1576 et
1234 1522 1327 1593 gracia
1341 1521 1413 1578 bella
1432 1522 1576 1594 gessisset,
1604 1522 1760 1582 nouissime
1789 1526 1898 1584 iirrnatis

243 1611 270 1651 ¹¹
284 1599 451 1668 Ptolemaeus
472 1611 571 1668 iterum
586 1628 648 1669 cum
671 1613 811 1670 Demetrio
836 1614 925 1670 natali
951 1613 1046 1687 praeiio
1098 1615 1174 1685 regni
1187 1611 1401 1679 conditionibus,
1415 1622 1443 1670 et
1457 1623 1536 1684 pacta
1552 1630 1628 1686 pace,
1643 1615 1898 1677 discessitddnm·

214 1699 217 1706 '
244 1701 369 1760 condixit
382 1720 389 1771 ;
405 1711 433 1761 et
446 1720 508 1760 cnm
524 1718 634 1762 omnem
649 1720 719 1776 pene
732 1703 848 1762 classem
869 1716 952 1776 atque
964 1721 1047 1764 exer·
1097 1704 1133 1763 tis
1143 1707 1235 1777 itaque
1251 1705 1337 1775 copiis
1356 1704 1496 1761 Ptolemaei
1522 1708 1716 1780 sociorumque
1728 1710 1804 1781 ejus,
1817 1728 1896 1784 pugna

244 1794 328 1851 citum
343 1793 518 1867 perdidisset,
535 1795 829 1870 victurinAEgyptum
851 1797 965 1871 reiugit.
989 1797 1045 1856 liac
1096 1799 1277 1856 committitur
1298 1816 1306 1854 r
1329 1798 1406 1869 cujus
1437 1800 1711 1871 quantopotentior
1744 1816 1895 1875 apparatus,

245 1884 361 1942 uictoria
377 1883 465 1943 elatus
479 1881 676 1960 Antigonus,⁸⁸
686 1903 779 1959 regem
787 1903 819 1943 se
832 1904 896 1945 oum
906 1887 1044 1946 Demetrio
1097 1897 1173 1945 tanto
1184 1890 1264 1945 ruina
1277 1889 1387 1960 grauior
1402 1887 1463 1945 luit.
1480 1891 1545 1945 Nam
1562 1889 1587 1946 in
1604 1904 1637 1947 ea
1660 1898 1726 1949 tunc
1741 1896 1826 1951 totius
1836 1911 1896 1967 prxc

218 1967 222 1982 ’
247 1975 644 2052 Alioappellarilubetzquod
661 1973 1440 2053 exemplumomnessecuti,Biiacedonieiregnivires
1458 1982 1649 2040 conciderunt.
1671 1981 1702 2041 ln
1733 1985 1797 2056 ipso
1829 1989 1893 2045 bello

245 2068 350 2143 regium
367 2083 467 2126 nomen
482 2069 534 2128 sihi
547 2070 766 2143 dignitatemque
781 2080 970 2145 sumpserunt.
994 2072 1047 2148 lgi-
1097 2071 1250 2145 Antigonus
1264 2075 1374 2131 occisus
1385 2084 1447 2131 est:
1464 2074 1514 2131 sed
1530 2075 1592 2131 huis
1604 2075 1669 2134 belli
1695 2076 1781 2149 hujus
1801 2080 1894 2137 initiam

244 2166 288 2215 tur
299 2157 463 2219 Ptolemzeus
478 2169 505 2218 ct
516 2160 682 2230 Cassander,
698 2159 845 2234 ceterique
863 2163 977 2221 alterius
1001 2163 1044 2219 ia·
1097 2167 1214 2225 alterins
1233 2166 1293 2223 luit.
1317 2165 1385 2223 llam
1402 2182 1463 2224 cnm
1491 2169 1641 2227 victoribus
1667 2170 1704 2227 de
1723 2172 1894 2243 praedamna

247 2257 348 2313 ctionis
362 2257 456 2327 duces,
469 2272 531 2315 cum
542 2256 632 2330 decipi
645 2272 676 2315 so
686 2256 721 2314 ah
737 2258 874 2330 Antigono
888 2258 1045 2332 singillatim
1098 2260 1269 2329 conueniret,
1283 2259 1383 2319 iterum
1398 2260 1425 2317 in
1440 2261 1509 2318 duas
1521 2261 1653 2319 lactioncs
1672 2261 1850 2322 diducuntur.
1875 2265 1895 2299 ⁸⁸

247 2350 384 2422 viderent,
396 2367 446 2425 per
459 2349 594 2426 epistolas
605 2358 637 2411 se·
651 2350 768 2411 laricem
781 2351 988 2421 conlirmautes,
999 2370 1047 2411 co-
1098 2354 1229 2411 Seleucus
1244 2353 1392 2421 Demetrio,
1404 2354 1569 2412 Ptolomeus
1585 2356 1755 2431 Lysimacho
1767 2361 1893 2433 jungitur.

246 2446 331 2504 ettndi
341 2447 368 2503 i'n
384 2463 468 2503 unum
483 2453 591 2519 tempus
604 2446 749 2519 locumque
761 2445 911 2505 condicunt
925 2465 933 2500 r
946 2456 974 2503 et
985 2445 1046 2504 bel·
1098 2437 1122 2483 '⁸’
1134 2444 1289 2503 Cassandro
1299 2445 1439 2517 defuncto,
1457 2447 1529 2504 hlius
1543 2448 1685 2520 Philippus
1704 2452 1837 2509 succedit.
1849 2453 1891 2509 Sic

246 2539 450 2595 inmaduersus
474 2535 638 2610 Antigonum
670 2534 860 2594 communibus
884 2539 989 2595 uiribus
1011 2538 1050 2594 in·
1100 2537 1341 2608 quasiexintegro
1358 2552 1427 2593 nota
1451 2537 1616 2595 ttacedoatrc
1642 2540 1716 2598 bella
1741 2555 1896 2609 nascurnur,

246 2637 365 2686 struunt.
391 2623 557 2697 Cassander,
579 2628 755 2685 ilnltimorum
782 2628 863 2686 hellis
889 2628 1046 2701 implicitus,
1100 2626 1277 2701 ”Antipater
1297 2627 1510 2686 Thessalonicen
1524 2641 1638 2689 matrem
1650 2648 1742 2703 suam,
1757 2635 1897 2693 Cassandri

155 2746 157 2751 ·
247 2722 452 2795 Lysimachum,
468 2722 731 2779 clarissimuminter
745 2731 842 2779 omncs
856 2722 968 2802 ducem,
984 2738 1047 2780 cum
1100 2720 1359 2794 uxorem,quamnis
1377 2721 1573 2780 miserabiliter
1589 2739 1638 2794 pro
1658 2726 1714 2782 uita
1732 2737 1894 2798 precantem,

247 2814 352 2887 ingenti
365 2827 448 2871 manu
463 2828 552 2886 prose
562 2814 645 2872 sociis
658 2815 686 2871 ln
700 2812 833 2871 auxillum
848 2816 932 2872 misit.
951 2814 1049 2874 Seleu·
1100 2829 1238 2872 manustra
1246 2811 1485 2871 transuerberauit.
1495 2813 1652 2872 Alexander
1666 2817 1754 2875 irater
1762 2819 1897 2890 eiusdem

248 2920 298 2965 cus
308 2920 419 2978 quoqne
428 2920 463 2964 ex
474 2904 539 2961 Asia
553 2905 658 2977 majore
671 2904 854 2974 descendent,
867 2920 954 2964 notus
970 2907 1049 2965 Anti·
1099 2905 1201 2963 bellum
1210 2902 1341 2962 adsersus
1351 2903 1461 2962 iratrem
1476 2903 1511 2961 ob
1525 2905 1656 2963 ultionem
1670 2908 1768 2966 matris
1779 2910 1897 2978 instruit,

249 3010 323 3070 gano
336 2995 425 3055 hostis
434 2995 560 3054 accessit.
576 2994 626 3053 liic
639 2993 774 3069 siquidem
787 2996 918 3055 Seleucus
931 2997 1047 3070 plurima
1099 2996 1264 3056 aDemetrio
1273 2995 1351 3069 eujus
1361 2994 1490 3054 auxilium
1504 2995 1632 3070 petierat,
1645 2995 1898 3059 circumventurus·

892 3156 1122 3219 nataucnttnt
1139 3155 1256 3217 holm.

252 3304 305 3362 luit
320 3321 327 3360 :
344 3301 481 3359 Diodorus
494 3299 543 3356 lib.
564 3314 621 3370 sax,
638 3298 787 3357 Pausanias
801 3313 825 3367 t,
848 3295 1010 3357 Plotarohus
1022 3295 1052 3358 la
1105 3297 1148 3355 ius
1162 3296 1188 3354 id
1204 3303 1388 3370 perpetratum
1401 3292 1507 3359 inisset,
1522 3292 1557 3349 ad
1571 3292 1717 3379 ilcrcuiem
1730 3306 1760 3354 et
1774 3297 1897 3373 Polyper·

253 3374 403 3433 Demetrio.
422 3373 508 3429 Para.
1052 3412 1054 3416 .
1105 3370 1232 3426 ehootem
1251 3380 1349 3424 omnes
1378 3365 1550 3422 llacedones.
1573 3364 1603 3421 ln
1629 3366 1713 3421 nulhs
1728 3383 1796 3425 mss.
1811 3382 1896 3427 autem

288 3446 335 3503 stt.
354 3443 454 3498 incidit
466 3444 495 3498 ln
507 3441 669 3499 hauriatur.
689 3442 719 3499 ln
732 3441 791 3497 lieo
805 3439 900 3498 codice
915 3447 985 3498 utet
997 3442 1052 3500 Pe·
1105 3454 1178 3512 quos
1191 3438 1327 3503 consului,
1340 3436 1433 3493 iuveni
1447 3435 1616 3504 Macedones,
1633 3437 1681 3492 sed
1696 3454 1749 3509 pro
1763 3454 1798 3497 eo
1817 3458 1898 3498 omnes

251 3518 352 3582 ristona,
363 3512 447 3581 titur,
467 3512 555 3583 Lagd.
575 3514 646 3569 Batt
670 3515 755 3584 atqua
777 3512 864 3567 trihus
877 3510 1011 3570 Plorentt.
1026 3513 1089 3577 etc
1105 3512 1233 3568 scribunt
1245 3507 1348 3568 cuncti,
1363 3515 1395 3563 ut
1408 3515 1436 3562 et
1447 3507 1515 3563 edit.
1531 3505 1644 3577 August.
1662 3507 1745 3565 Errat
1759 3525 1826 3567 reru
1836 3513 1897 3568 Dro

252 3585 323 3643 cuit.
337 3585 459 3642 Gronov.
474 3584 572 3656 legitur
590 3584 732 3654 Attonitos,
747 3583 792 3638 uel
813 3581 957 3653 Acinistot,
973 3585 1051 3640 Alie·
1104 3582 1162 3638 rtur
1175 3595 1237 3638 eum
1252 3578 1365 3648 reliquls
1388 3577 1452 3636 dnm
1473 3578 1629 3645 herculem,
1653 3577 1782 3637 Barsines
1803 3584 1891 3651 illium,

253 3666 344 3723 notos,
358 3654 518 3710 Asiciuotos.
533 3655 562 3710 ln
575 3654 620 3709 cd.
634 3659 716 3725 hung..
730 3654 879 3709 Aacuiatar.
897 3654 937 3710 lix
954 3655 1052 3723 quihus
1103 3662 1133 3710 et
1145 3651 1326 3708 Alexandrum
1341 3650 1470 3705 Roxanes
1482 3649 1634 3705 contumuit.

252 3724 1052 3868 tthtttthtlhthtththttttlitttnt
1104 3717 1893 3867 ..ti.ittl‘ttttitt:ttth.ltuitiih”ulit

476 3838 484 3863 i
934 3837 969 3863 'i
1500 3837 1502 3842 ’
1885 3836 1891 3859 t

253 3870 381 3927 similitor
394 3877 669 3924 commemorentura
686 3869 795 3925 lustina
810 3866 857 3922 hh.
872 3881 919 3936 ιι,
935 3881 995 3936 cap.
1013 3870 1050 3922 B:
1103 3867 1136 3921 ad
1150 3865 1270 3938 Cyprum
1285 3862 1460 3919 commissum
1472 3862 1533 3931 init,
1550 3870 1576 3916 et
1598 3871 1729 3918 accurrate
1751 3880 1765 3917 a
1781 3864 1892 3922 Diodoro

255 3942 327 3996 Dum
338 3942 392 3996 hoec
410 3950 533 4013 aguntur,
550 3938 709 4009 Cassander,
728 3937 763 3994 ab
776 3936 917 4005 Apollonia
935 3940 1051 4007 rediens,
1103 3937 1151 3992 hh.
1166 3952 1211 4003 xx,
1229 3934 1376 3993 Plutarcho
1391 3934 1418 3988 in
1434 3932 1580 3998 Demetrio,
1604 3933 1785 3990 tlescrihitnr.
1808 3936 1890 3991 flami

252 4012 347 4066 incidit
366 4012 393 4065 itt
407 4009 568 4076 Auturiotor,
579 4011 623 4080 qui
636 4022 740 4083 proptor·
750 4023 876 4063 ranarum
890 4010 1052 4080 arturimuque
1103 4010 1144 4063 nit
1159 4007 1275 4063 Pausan.
1292 4006 1338 4062 lib.
1355 4021 1363 4060 t
1379 4004 1412 4060 dc
1424 4004 1498 4075 regio
1512 4006 1631 4070 troanine,
1646 4003 1785 4060 Diodorus
1795 4013 1823 4064 el
1837 4008 1889 4063 Plu·

254 4082 458 4146 multitudinem,
484 4081 572 4134 relicto
587 4082 678 4149 putrioe
700 4081 768 4144 solo,
795 4080 868 4134 seties
890 4080 1051 4149 quoerobout.
1104 4078 1222 4134 tarchns.
1240 4077 1324 4134 Fusa.

256 4151 457 4207 Autariatarnm
473 4150 601 4205 bellicosa
622 4150 671 4203 init
686 4150 769 4215 natio,
790 4164 851 4218 quaa
874 4158 965 4218 postea
982 4167 1052 4220 quo·
1139 4150 1183 4205 bl.
1198 4148 1291 4222 Regem
1306 4165 1341 4203 sc.
1356 4145 1498 4218 Ed.Aug.,
1521 4161 1605 4215 rcqcm
1626 4161 1715 4202 secum
1742 4147 1888 4204 Drutctrirrt

275 4235 312 4278 tte
324 4220 376 4277 sub
387 4220 551 4293 Lysimacho
560 4225 655 4276 contra
668 4220 834 4275 Demetrium
847 4219 981 4275 militavit.
997 4221 1051 4277 Sed
1103 4220 1198 4290 iliram,
1212 4230 1266 4275 etc.

256 4237 407 4359 xhderitae,
418 4306 451 4348 ex
463 4290 599 4346 mendosis
611 4291 676 4346 olim
685 4290 784 4347 lustini
793 4289 969 4361 editionibus,
981 4293 1053 4349 unde
1139 4292 1184 4348 55.
1199 4291 1363 4347 Satirarotto.
1380 4287 1490 4360 Legitur
1499 4288 1582 4344 etiam
1600 4287 1773 4353 Androcotto,
1787 4297 1815 4347 ct
1827 4286 1884 4360 apud

255 4363 324 4435 jussi
341 4372 404 4420 sant
423 4361 457 4418 ab
471 4361 622 4418 editoribus
635 4361 763 4432 migrare,
788 4362 814 4416 in
829 4361 924 4417 Drosio
943 4378 1053 4435 quoqne
1103 4361 1441 4428 lustinumsoadrocotto.
1452 4360 1506 4414 Sati
1519 4358 1884 4417 Strabonisanctoritateiih.

259 4435 460 4491 stannaturam
470 4433 559 4489 lactum
572 4447 749 4505 occupauere.
760 4432 1053 4505 itaquenondeceptns
1104 4449 1148 4494 xv,
1166 4444 1257 4488 nostra
1272 4432 1354 4488 lectio
1369 4431 1555 4487 conhrmatur.
1581 4430 1709 4486 Prsclium
1729 4430 1783 4489 hoc
1798 4433 1824 4488 iu
1842 4445 1884 4502 qao

256 4505 308 4561 init
320 4501 434 4562 Droslhs
447 4505 585 4575 corruptis
595 4503 695 4561 lastlni
707 4503 857 4569 codicibus,
873 4512 905 4560 nt
914 4504 1053 4574 iudicabat
1102 4504 1255 4587 Antigonus
1268 4502 1369 4559 cecidit
1382 4501 1512 4558 describit
1526 4499 1691 4557 Plutarchus
1707 4502 1735 4558 in
1747 4503 1885 4560 Demetrio.

258 4576 292 4633 ad
310 4578 448 4634 lustinum
463 4573 569 4632 clariss.
585 4573 723 4642 Grauios,
747 4573 797 4632 sed
816 4582 931 4645 aterque
950 4590 966 4631 a
992 4591 1054 4634 cor·
1102 4573 1382 4630 liemruitPansaaias
1394 4573 1441 4628 lih.
1454 4569 1662 4627 aCommissam
1678 4587 1798 4646 pungnam
1815 4569 1885 4629 taluc

258 4650 411 4705 rectoribus
426 4647 589 4717 importunis
604 4647 674 4703 male
688 4646 808 4703 habitus.
1102 4646 1127 4700 is
1140 4645 1200 4720 ἰψῷ
1213 4645 1360 4715 legimusiu
1371 4643 1479 4701 Arriam.
1495 4641 1542 4698 lih.
1554 4658 1601 4699 ιιι.
1614 4642 1698 4700 Pasa.
1709 4674 1746 4685 -
1757 4631 1822 4703 itte
1834 4643 1884 4701 cad.

295 4719 340 4775 st.
362 4716 490 4774 iicrcsles
503 4713 656 4773 Alcsondri.
676 4718 754 4774 liouc
766 4707 953 4790 Polyperchon
969 4717 997 4774 in
1009 4732 1054 4790 re·¹
1103 4714 1224 4783 Longah.
1244 4726 1273 4771 et
1285 4715 1426 4771 meliorum
1446 4713 1555 4781 reposui
1571 4714 1743 4774 Androrotto.

257 4804 340 4860 guum
366 4791 509 4846 restituere
527 4790 649 4859 parabat,
673 4788 720 4845 sed
745 4803 761 4844 a
784 4787 1053 4860 Cassandrnmagnis
1139 4786 1184 4842 56.
1203 4786 1326 4844 Seleucus
1343 4785 1483 4841 Demetrio.
1499 4785 1580 4840 Duxit
1595 4793 1652 4840 tum
1673 4783 1808 4845 Seleucus
1830 4799 1886 4841 oxa

257 4860 502 4929 pollicitationibus
516 4859 649 4915 adductos
666 4874 728 4914 eum
748 4859 894 4915 interiecit.
919 4859 1053 4915 Diodorus
1104 4872 1162 4913 rem
1178 4856 1354 4924 Stratonicen,
1371 4856 1454 4912 hilam
1481 4855 1610 4912 Demetrii
1633 4864 1662 4913 et
1673 4855 1773 4925 Phile,
1789 4857 1885 4915 Plntar·

259 4931 330 4986 libro
343 4948 390 4995 xa,
403 4932 449 5003 qui
470 4928 545 4987 addit
557 4929 701 4987 liercnlem
715 4937 771 4986 tura
786 4929 871 4986 luisse
893 4940 986 4987 natum
1003 4943 1054 4987 an-
1065 4899 1092 4964 Ῑ)
1104 4926 1173 4984 aiau
1183 4930 1209 4984 in
1224 4928 1376 4986 Demetrio.
1388 4927 1472 4985 Pasa.

258 5005 310 5056 nbs
320 5001 431 5059 circiter
445 5001 488 5058 i'i.
506 5000 588 5056 Para.
1140 5000 1185 5056 57.
1201 5000 1348 5056 cosrarmro
1360 5000 1492 5070 detracta.
1502 4994 1655 5056 Cassander
1665 5011 1700 5053 cx
1712 4998 1811 5055 morbo
1820 5010 1887 5066 aqu

293 5071 338 5127 ti.
354 5072 398 5128 Νι
410 5087 471 5128 eum
481 5070 646 5128 limedomt.
656 5069 726 5139 Quia
752 5070 918 5128 liacedoniat
936 5085 1050 5144 regnam
1102 5069 1254 5140 intercutis,
1268 5072 1364 5127 vireas
1377 5069 1538 5135 etiamnum,
1553 5068 1763 5141 erumpentibus
1777 5067 1888 5140 undique

258 5139 401 5198 succuum
413 5143 579 5207 Cassander,
595 5158 649 5198 non
664 5152 773 5213 poterat
786 5157 899 5200 securus
914 5157 976 5200 esse
989 5186 996 5208 ,
1009 5145 1051 5201 ri·
1101 5143 1252 5209 vermibus,
1268 5142 1387 5198 extabuit
1402 5156 1410 5207 3
1434 5140 1578 5210 Philippus
1592 5140 1666 5196 illius
1680 5139 1742 5208 eius
1760 5143 1826 5197 naui
1842 5154 1890 5196 ιιι-

257 5220 338 5268 vente
351 5213 406 5269 hiio
420 5214 586 5281 Alexandrl;
599 5214 692 5285 itaque
707 5221 798 5273 utrum
819 5224 891 5273 noct
902 5214 1048 5272 llercnlcm
1104 5213 1205 5281 ximus,
1216 5224 1302 5285 regno
1312 5213 1369 5285 y'am
1392 5213 1469 5274 inito,
1487 5211 1570 5265 tabidi
1589 5211 1715 5281 corporis
1730 5212 1775 5269 ine
1805 5212 1889 5283 periit.

256 5291 285 5339 et
295 5283 489 5365 Alexandrum,
502 5286 574 5340 lutuno
587 5285 733 5341 Alexandri
747 5300 783 5341 ex
794 5231 915 5349 Roxane,
929 5283 1003 5341 ilium
1012 5303 1049 5344 ox
1101 5283 1249 5340 Pausanias
1260 5283 1308 5340 th.
1319 5297 1358 5339 ιι.
1374 5282 1494 5338 Para-
1508 5281 1568 5337 liox
1584 5296 1650 5337 ntss.
1664 5283 1778 5352 qnidam
1790 5293 1819 5340 et
1832 5282 1889 5341 edd.

254 5354 369 5410 Barsine
388 5354 483 5422 illtttnr,
498 5356 617 5411 emedio
631 5356 750 5412 sustulit.
773 5356 806 5411 Bt
819 5356 962 5412 llorculexn
988 5358 1047 5428 qni·
1100 5355 1190 5422 legunt
1202 5372 1267 5410 noco
1279 5356 1306 5409 ia
1318 5354 1471 5409 Macedonio
1485 5352 1552 5407 hello
1566 5363 1722 5407 nascuntur.

225 5425 326 5494 dem,
342 5427 467 5496 pactione
480 5440 541 5480 cum
569 5426 786 5500 Polyperchonte
812 5428 888 5496 inita,
912 5426 1045 5499 Polyper·
1132 5426 1178 5481 58.
1196 5428 1256 5481 Aati
1276 5424 1549 5481 aterThcssoloaiccn.
1561 5423 1715 5498 Cassander
1726 5425 1892 5483 iiaoednniae

249 5498 321 5553 chan
335 5497 409 5554 erim
420 5509 482 5552 cnm
496 5498 620 5553 exercitu
636 5499 768 5555 reducere
790 5501 818 5554 in
839 5510 983 5569 paternum
997 5513 1042 5556 re·
1095 5511 1144 5551 roa
1157 5508 1212 5551 tres
1227 5499 1297 5574 hiron
1310 5496 1431 5554 morlens
1456 5495 1576 5565 reliquit,
1592 5481 1760 5564 Pidi'apaar,
1782 5498 1893 5569 Antipa-

249 5585 335 5638 gnum
347 5568 456 5626 volebat
482 5566 641 5623 lieroulem:
655 5569 820 5636 Cassander,
835 5570 926 5626 verbis
938 5578 967 5625 et
982 5586 1042 5626 mu·
1095 5576 1164 5621 tram
1178 5576 1202 5623 et
1214 5567 1404 5624 Alexandrum.
1425 5561 1526 5623 ilorum
1542 5564 1688 5635 Philippus
1715 5567 1796 5623 initio
1821 5567 1893 5640 regni

248 5641 361 5697 neribus
378 5638 609 5714 Potyperchoma,
625 5641 668 5695 cui
683 5647 712 5695 et
725 5640 852 5696 attinersn
868 5639 952 5695 cessit
965 5640 1042 5696 Pelo·
1094 5642 1185 5708 periit,
1210 5640 1352 5710 Antipater
1378 5648 1493 5694 matrem
1506 5636 1734 5706 Tltessalunicen,
1766 5638 1861 5709 Philip

248 5726 380 5779 pannoso,
396 5710 527 5779 corrupit,
543 5717 572 5764 ut
583 5708 710 5778 iuvenem
727 5712 770 5780 qni
786 5712 812 5765 iu
827 5710 967 5781 utriusque
980 5726 1041 5768 cre·
1094 5713 1217 5782 Amynta
1226 5711 1280 5766 lilio
1291 5719 1319 5767 et
1332 5708 1516 5779 Nicasipolide
1524 5707 1654 5780 genitam,
1667 5705 1892 5776 ideointeriecn,

246 5790 337 5837 sceret
352 5784 512 5850 pernicicm,
534 5796 623 5853 aeque
645 5782 777 5838 heneticio
805 5796 897 5851 parem
922 5784 1038 5851 gratiam
1092 5782 1164 5849 qnod
1178 5782 1373 5838 mthlexandro
1386 5779 1642 5851 propensinresset.
1655 5779 1817 5838 Alexander
1831 5781 1894 5854 Pyr·

243 5850 294 5906 Pol
314 5852 457 5919 perchonti
480 5854 548 5911 olim
577 5861 652 5910 essct
678 5853 830 5920 habiturus,
860 5854 1038 5911 interluceret.
1090 5853 1132 5908 rhi
1159 5864 1186 5909 et
1211 5853 1339 5910 Denretni
1358 5852 1460 5907 auxilio
1472 5852 1629 5921 implorato,
1646 5848 1681 5904 ab
1692 5848 1747 5907 hoc
1762 5853 1894 5909 laterem·

227 5918 272 6001 lta
294 5923 419 5986 lercuies
428 5928 457 5984 io
469 5925 601 5987 uonrinio
610 5924 683 5998 apud
694 5924 951 6001 Polyperchontem,
957 5928 1035 5996 y'ussn
1090 5931 1151 5992 ptus
1166 5924 1225 5978 tuit.
1241 5924 1402 5980 Plutarchus
1415 5925 1443 5979 in
1456 5922 1562 5993 Pyrrha
1575 5925 1605 5978 et
1618 5919 1776 5990 Demetrio,
1791 5921 1893 5982 Paxsa·

214 5990 347 6058 easdem
356 5995 413 6055 luit
424 6000 627 6074 strangulatur.
638 6000 810 6062 Deiecisseat
823 6001 965 6072 normnist
979 6014 1041 6058 sce·
1092 5994 1238 6054 titashhro
1247 6010 1334 6065 neno,
1346 5992 1467 6053 tustinus
1476 5992 1675 6051 decimosexto.
1689 5987 1778 6052 l'am.
