4192 6434
206 416 272 505 ,tta

752 370 868 476 sotto
886 415 978 478 soor
996 415 1127 476 aaaron
1147 416 1354 476 orrooomou.

1812 402 1871 468 ιιι

218 531 356 601 arcebit.
397 533 462 592 item
483 534 584 593 ibidem
607 534 637 593 S.
657 533 830 601 lambertus,
848 534 893 603 poi
913 534 1049 590 succisum
1068 541 1148 605 capot
1168 532 1293 590 manibus
1310 533 1470 607 importans,
1487 533 1584 608 angelo
1605 531 1682 605 doce,
1697 531 1730 591 b.
1744 526 1872 588 totam.

409 651 415 666 ·
433 637 589 685 sanctorum
604 636 755 700 nrartyrom
772 639 885 683 numera
899 625 1030 682 sociatus.

828 741 956 799 otvutot
972 737 1258 799 coambulantes

343 857 411 918 Quos
421 856 567 909 Saturninos
576 861 697 908 memorat
709 861 807 907 uocatos

403 918 485 972 Prisos
495 927 613 971 samma.

219 1046 381 1103 ambrosius
394 1046 510 1102 florales
523 1045 573 1100 fib.
586 1061 602 1099 x
613 1058 673 1112 cap.
691 1045 707 1099 5
720 1039 858 1098 existimat
867 1039 902 1097 ab
917 1055 1012 1097 eorum

223 1117 341 1190 propriis
354 1117 509 1173 nominibus
520 1114 695 1172 Prudentirrm
707 1108 886 1177 absalonius,
901 1112 971 1180 auoit
983 1126 1014 1167 ea

220 1189 295 1258 leges
310 1188 389 1244 uretri
403 1187 512 1259 Sapbiei
530 1203 582 1242 urrn
603 1188 756 1256 caperent:
781 1192 810 1240 et
831 1183 881 1238 boe
894 1182 1016 1239 uoluisse

219 1260 384 1329 significare,
394 1274 456 1314 coru
467 1258 554 1325 dixit,
568 1267 690 1312 renuente
703 1265 795 1310 metro.
809 1253 943 1311 Caeterum
960 1269 1015 1310 non

220 1329 511 1465 attollentes
524 1326 893 1470 limitelimite
906 1327 1015 1465 initi

221 1481 250 1528 et
260 1472 361 1528 fausto
375 1471 492 1527 dubitari
506 1416 612 1537 rryeuuiu
628 1436 692 1539 quin
707 1468 779 1524 facili
795 1468 903 1536 negotia
917 1467 1015 1538 sapiri-

221 1558 280 1596 earn
298 1557 453 1599 mensnram
472 1541 574 1597 intrare
588 1553 703 1610 qrrearrt,
720 1539 865 1596 larruarius
878 1547 967 1594 auteur
987 1547 1016 1594 ot

221 1613 366 1669 Matutinus
389 1615 415 1668 in
440 1613 553 1668 ruerunt
567 1627 641 1667 casu.
657 1611 734 1678 Quod
758 1611 837 1680 igitur
855 1609 1016 1666 Prudentius

119 1710 122 1719 ,
220 1686 330 1749 asserit,
343 1685 422 1755 longe
432 1684 505 1741 aliud
517 1692 568 1748 est,
584 1684 714 1738 ninrirurn
729 1680 846 1744 aorrreo,
862 1696 916 1751 quo
929 1681 1015 1747 prisea

222 1764 343 1811 uetrrstas
358 1765 466 1811 sarra-tos
481 1755 541 1810 illos
555 1765 672 1825 quatuor
685 1762 776 1820 vocat,
787 1752 813 1808 id
825 1762 877 1819 est,
894 1751 1019 1807 suerunt·

222 1843 281 1889 nos,
297 1840 466 1897 nequaquam
481 1826 507 1878 iu
529 1826 580 1879 lroe
600 1839 701 1892 genere
720 1823 799 1878 metri
816 1823 903 1876 locam
916 1820 1016 1877 babere

223 1912 314 1965 posse,
328 1913 362 1950 eo
374 1896 510 1960 uidelicet,
524 1895 595 1963 quod
605 1905 721 1964 quatuor
736 1893 815 1948 sinrof
829 1891 940 1963 syllabis
954 1891 1015 1945 lau-

221 1969 388 2039 urrunnun,
407 1981 469 2022 eunt
484 1976 574 2021 tanreu
593 1967 677 2034 prium
693 1965 738 2019 illa
759 1980 773 2019 s
793 1963 862 2018 flaba
877 1961 915 2018 Sa
930 1964 1017 2018 earli-

223 2040 319 2106 pienda
334 2037 446 2092 orrruino
459 2051 542 2101 esset,
557 2052 619 2090 uum
633 2037 744 2104 dieitur,
760 1981 830 2101 daos
846 2033 1014 2102 Satarru'nos,

222 2117 289 2174 ete,
305 2109 409 2179 priores
426 2106 498 2163 euim
517 2123 565 2179 pes
589 2106 723 2162 troebuors
745 2118 787 2162 est
808 2107 886 2177 farrago
901 2117 927 2159 et
942 2107 1015 2160 breui

221 2190 360 2234 constans.
374 2179 485 2235 Veniam
497 2180 610 2249 proinde
620 2178 782 2234 Prudentius
792 2177 870 2247 petit:
883 2191 934 2231 rrec
943 2177 1015 2232 euim

1028 848 1229 923 Apoeniteatfa
1242 850 1338 918 daetf,
1355 848 1476 907 secondo
1489 862 1519 906 sc
1534 850 1676 911 certamini
1690 850 1868 924 exhibentes,

1067 938 1196 980 coronam
1211 921 1303 994 adepti
1319 922 1384 980 sint.
1400 922 1475 980 Uarde
1489 922 1580 978 subdit
1593 920 1775 983 Prudentius:

1191 1052 1270 1104 Ambo
1280 1052 1385 1104 confess
1398 1053 1526 1104 boninum
1538 1057 1665 1105 steterant

1192 1114 1291 1167 Acriter
1301 1124 1385 1166 cantra
1396 1116 1522 1165 lremftour
1531 1115 1670 1178 latronum

1192 1177 1270 1229 Ambo
1281 1184 1412 1241 gustarunt
1422 1177 1512 1229 leuiter
1521 1191 1638 1241 soporem

1347 1239 1527 1305 martyriorum.

1067 1342 1200 1401 catarum
1212 1342 1284 1415 qood
1298 1348 1470 1401 incruentum
1485 1343 1607 1419 martyrii
1619 1344 1704 1402 decus
1719 1344 1818 1402 tulisse
1828 1342 1871 1400 df·

1068 1427 1174 1482 cantur‚
1189 1425 1216 1471 et
1230 1418 1326 1471 leniter
1341 1431 1467 1485 soporem
1484 1416 1545 1486 ejus
1558 1427 1700 1486 gustasse,
1714 1415 1749 1473 ad
1763 1415 1790 1473 fd
1802 1427 1871 1485 pota

1069 1487 1254 1555 referendum,
1271 1488 1344 1556 quad
1359 1489 1418 1543 siue
1432 1488 1575 1560 satrguiuis
1588 1488 1739 1555 effusione,
1757 1487 1871 1544 foaibos

1067 1558 1238 1630 strangulati,
1250 1571 1295 1613 aot
1309 1558 1335 1614 in
1350 1559 1450 1615 ssurrren
1465 1560 1621 1629 praecipites
1632 1559 1688 1614 dati
1702 1558 1816 1615 fuerint.

1199 1687 1233 1726 DE
1249 1687 1272 1725 S.
1296 1687 1438 1729 ttocsouto
1452 1689 1578 1729 statuas
1598 1689 1742 1732 serenata.

1105 1762 1161 1818 lloe
1176 1764 1237 1818 loeo
1254 1766 1433 1833 proculdubio
1446 1768 1471 1822 in
1490 1765 1631 1821 codicibus
1644 1766 1755 1831 Dextri,
1771 1767 1874 1838 quibos

1069 1831 1197 1902 fruimur,
1214 1834 1292 1890 deest
1307 1839 1435 1892 rnernnria
1446 1836 1475 1895 S.
1492 1837 1624 1893 vincentii
1640 1835 1744 1893 Levitae
1755 1847 1785 1894 et
1798 1854 1875 1895 mae

1071 1903 1149 1975 tyris,
1162 1906 1207 1973 poi
1222 1905 1249 1960 ln
1264 1905 1392 1962 uniuersa
1404 1908 1523 1964 Ecclesia
1540 1907 1659 1964 seerrndo
1674 1919 1736 1979 post
1747 1909 1871 1966 Lauren-

1070 1982 1137 2030 tium
1160 1976 1221 2031 loeo
1241 1977 1358 2033 celebris
1378 1977 1504 2034 habetur.
1529 1979 1585 2035 Nee
1606 1979 1680 2036 enim
1710 1979 1871 2037 notissimos

1071 2047 1190 2101 aurulam
1208 2056 1310 2120 martyr
1322 2051 1367 2103 uni
1383 2050 1485 2106 Dextro
1499 2046 1627 2106 occultari
1642 2052 1748 2132 potuit,
1765 2052 1813 2122 qui
1830 2060 1867 2106 ta·

1070 2131 1132 2174 uren
1146 2116 1311 2188 singularem
1320 2120 1354 2176 de
1365 2121 1528 2194 martyribus
1539 2121 1664 2189 flispams
1676 2116 1804 2177 notitiam
1815 2136 1865 2248 im

1070 2190 1176 2245 conctis
1186 2190 1355 2258 ruortalibns,
1368 2208 1482 2260 quornm
1495 2192 1594 2262 scripta
1608 2201 1726 2254 exstent.
1741 2192 1815 2248 babo
1827 2207 1865 2250 sse

221 2251 334 2321 volgare
351 2263 473 2306 veterum
490 2261 625 2332 tantorum
648 2258 796 2332 nrartyrom
815 2263 914 2304 aaaron
935 2248 1019 2302 silea·
1034 2245 1212 2329 R'prnbatrrr.
1234 2261 1436 2330 frurrscriptori
1458 2264 1559 2319 corbeis
1580 2264 1668 2331 potios
1689 2264 1780 2333 culpus
1801 2264 1864 2319 dar..

221 2321 286 2376 dom
299 2333 388 2389 ismr
408 2331 518 2392 Pl'PPlir
536 2335 675 2393 ”801'0825
690 2331 768 2375 melfi
793 2320 885 2389 Ιθιθῦῑ
906 2317 978 2374 ιιιιιιθ
990 2327 1018 2374 0¹
1071 2331 1135 2386 dom
1149 2332 1277 2400 est,qootf
1291 2332 1458 2389 Vitreentinm
1472 2337 1685 2402 praetermiserit,
1694 2335 1741 2390 sed
1751 2334 1778 2390 id
1789 2334 1863 2390 etiam

220 2390 312 2448 subdit
323 2409 330 2447 :

345 2481 464 2534 Carminis
474 2483 548 2544 leges
560 2493 625 2531 amor
637 2488 769 2532 aureorum

344 2545 476 2596 Nominum
488 2545 555 2607 parui
567 2545 633 2602 facit,
645 2551 673 2593 et
682 2543 808 2607 loquendi,

345 2606 409 2658 Cora
420 2608 453 2658 de
464 2606 556 2657 sanetis
566 2609 644 2658 otiosa
655 2619 703 2656 non
716 2614 768 2668 est,

499 2667 553 2719 tter
564 2668 632 2718 rudis
641 2681 766 2729 umquam.

347 2729 440 2780 Plenus
451 2736 490 2781 est
501 2732 561 2779 artis
571 2732 665 2787 modus,
673 2735 802 2780 aurrotatss

344 2790 476 2842 Nominum
485 2789 574 2841 formas
585 2793 692 2843 recitare
704 2790 810 2852 cbristo,

345 2853 412 2913 Quas
421 2858 493 2906 tenet
501 2852 557 2903 ooli
570 2852 633 2903 fiber
646 2853 806 2914 explicandus

501 2915 624 2979 Tempore
639 2916 710 2977 iusto.

221 3044 277 3102 Sub
293 3032 340 3099 fit'e
354 3043 435 3099 etiam
450 3052 492 3100 est
504 3041 538 3098 de
558 3044 645 3098 altera
659 3041 798 3112 ipsorum,
815 3041 933 3098 fueritne
947 3055 1016 3111 mas,

219 3117 263 3171 vel
280 3114 398 3170 femina:
420 3130 481 3170 nam
496 3114 618 3170 nonnulli
633 3114 771 3169 Prodeatii
787 3112 905 3181 codices,
923 3121 952 3170 et
963 3113 1018 3169 llo·

221 3202 329 3242 manum
350 3186 570 3256 martyrologium
590 3185 660 3254 apud
685 3185 831 3240 Earorrium
854 3180 956 3239 «lutiam
970 3199 1017 3242 sa·

219 3268 299 3314 eant:
316 3267 437 3313 uetustus
452 3266 543 3312 uatem
564 3255 728 3321 Turdetanos,
746 3254 904 3321 Usoardus,
920 3267 947 3311 et
965 3272 1018 3310 ere-

220 3330 270 3384 teri
279 3327 381 3382 fulinrn
393 3346 401 3378 .·
415 3327 488 3399 quod
499 3328 622 3399 sequitur
633 3328 783 3398 Equilioos.
795 3325 944 3397 Utrumque
956 3343 1018 3395 prn-

220 3399 323 3466 babile,
339 3407 465 3454 neutronr
481 3408 595 3454 certum.
607 3396 729 3522 Corpora
744 3396 895 3452 octodecim
909 3408 1018 3452 saneto-

221 3485 280 3523 rom
297 3485 383 3539 prope
397 3483 496 3539 corpus
509 3469 539 3526 S.
556 3467 656 3539 Engrut
671 3484 694 3523 se
708 3469 826 3538 sepulta,
841 3479 941 3523 etcum
959 3468 1016 3540 ipsa

221 3539 323 3608 pariter
335 3551 441 3608 reperta
456 3547 530 3609 soot,
540 3547 568 3594 et
582 3540 608 3593 in
622 3536 739 3608 nondam
751 3539 874 3609 sepulcro
883 3539 1016 3607 ejusmodi

1070 2402 1104 2457 de
1124 2401 1227 2457 Eulalia
1247 2403 1441 2460 barcinonensi
1461 2404 1559 2461 fecisse
1581 2407 1771 2472 corruiueitnr,
1789 2421 1864 2476 qrram

1072 2484 1139 2528 sune
1152 2473 1361 2531 Barcinonensis
1375 2479 1490 2546 scriptor·
1500 2473 1625 2602 filiaster)
1641 2477 1795 2532 barcinone
1804 2477 1867 2532 scri·

1069 2541 1150 2611 bens,
1176 2545 1290 2599 nriuinre
1313 2547 1478 2616 praeteriret.
1525 2546 1663 2604 credits.
1696 2546 1865 2603 Bratrfionem

1070 2617 1199 2684 quasdam
1216 2615 1370 2672 additiones
1395 2619 1428 2673 ad
1452 2617 1581 2673 Dextrum
1600 2616 1716 2683 fecisse,
1733 2632 1796 2691 quae
1812 2633 1867 2673 anr-

1070 2686 1135 2740 nino
1149 2698 1235 2811 sopgo
1257 2695 1304 2740 unt
1323 2691 1482 2762 stremonium
1496 2700 1652 2745 sanatorum
1672 2688 1826 2755 llineentii,
1841 2699 1866 2744 et

1070 2755 1182 2811 Eulalia
1218 2772 1231 2810 a
1250 2759 1406 2815 ainonensis
1429 2759 1540 2815 minime
1560 2761 1791 2828 prmoerurissam,
1808 2774 1865 2815 nam

1071 2828 1105 2880 ad
1119 2842 1218 2883 anatum
1235 2828 1342 2884 Domini
1356 2830 1409 2885 ὅθι
1424 2846 1477 2899 quo
1492 2841 1607 2900 oteruoe
1627 2840 1791 2901 peremptos
1808 2830 1867 2897 loit,

1070 2896 1128 2952 lraeo
1143 2899 1244 2955 babet:
1261 2898 1313 2953 Per
1323 2900 1379 2956 ittec
1401 2910 1517 2970 tempora
1536 2901 1655 2957 catholici
1679 2900 1815 2956 Valentini
1835 2902 1868 2955 ad

1070 2970 1144 3024 littus
1158 2969 1236 3024 maris
1251 2969 1393 3045 Sequimini
1416 2971 1502 3028 nobile
1518 2971 1548 3029 S.
1568 2970 1704 3028 Vincentia
1721 2973 1869 3042 repulerant

1071 3040 1183 3114 ceipene
1196 3052 1219 3095 ct
1237 3042 1306 3096 intra
1317 3044 1429 3098 sacrarii
1442 3059 1516 3098 eram
1530 3045 1609 3097 inuam
1624 3045 1651 3097 in
1666 3043 1800 3115 profunda
1814 3044 1869 3098 fora

1069 3125 1163 3177 carpus
1179 3113 1342 3168 inetctrasnnt
1357 3115 1480 3188 martyria
1500 3112 1695 3188 refipiosissinte
1709 3112 1870 3180 reconditam

1069 3181 1137 3251 puori
1152 3183 1274 3257 templum
1289 3185 1396 3239 assidua
1412 3186 1561 3241 uisitatione
1577 3184 1768 3256 frequentatur.
1782 3184 1870 3240 Etiam

1070 3251 1114 3305 nbi
1127 3268 1233 3322 carco,
1248 3264 1271 3309 et
1289 3254 1332 3310 abi
1346 3258 1500 3328 irrumptione
1516 3271 1606 3324 parato
1625 3263 1664 3309 est
1677 3254 1737 3310 laea
1750 3254 1777 3328 fr

1069 3330 1134 3386 tant,
1150 3334 1174 3378 et
1188 3322 1237 3380 reli
1256 3324 1313 3380 ione
1327 3329 1440 3397 quadam
1451 3326 1580 3398 sinpefari
1595 3326 1746 3399 percolunt.
1763 3327 1786 3381 Α
1823 3341 1870 3381 ao-

1070 3409 1134 3449 uum
1147 3410 1211 3452 tero
1260 3396 1278 3451 P
1293 3395 1369 3452 frma:
1386 3395 1531 3452 Earcbmne
1545 3397 1603 3469 (ait
1620 3395 1733 3451 Eraulio
1745 3400 1755 3481 J
1766 3396 1800 3454 S.
1814 3392 1869 3452 Ert-

1070 3466 1138 3520 laliu·
1150 3467 1246 3538 eirpirri
1259 3470 1368 3539 martyri
1379 3485 1409 3521 uc
1421 3469 1481 3536 ciui,
1496 3480 1600 3540 sueque
1609 3468 1716 3522 tutelari
1726 3483 1796 3523 cren
1805 3464 1881 3523 Bar—

1069 3537 1219 3592 cinonenaes
1229 3537 1312 3592 (edem
1325 3539 1360 3592 ad
1372 3555 1442 3592 mure
1455 3549 1618 3595 construunt.
1631 3536 1714 3594 Certe
1729 3539 1751 3593 si
1769 3538 1908 3594 Dextet·

220 3610 454 3680 eireonrseriptio:
471 3607 571 3682 Carpus
584 3611 667 3664 sorren
679 3608 792 3678 Luperci
804 3650 811 3674 ,
825 3611 882 3678 ejas
896 3610 1017 3664 auunculi
1031 3629 1054 3693 C
1072 3604 1206 3662 Vincenti!
1219 3617 1245 3664 et
1258 3608 1369 3664 Eulaliae
1381 3624 1549 3683 rrepuaquam
1563 3609 1745 3676 meminisset,
1758 3608 1900 3665 Eraolfc»

220 3682 362 3752 martyris;
378 3680 506 3764 aroueoli
522 3680 625 3736 seilicet
638 3676 667 3736 S.
680 3678 826 3750 sngrnoae.
937 3751 942 3762 Ι

254 3750 300 3807 5t.
320 3750 387 3807 flent
405 3752 500 3806 iisdem
519 3750 550 3808 S.
572 3750 741 3820 lamentata,
758 3760 812 3806 ete.
827 3751 892 3816 erra
917 3750 961 3805 bus
979 3750 1014 3807 de

1072 3692 1124 3732 uun
1134 3676 1220 3733 soloin
1232 3676 1344 3735 adderet
1355 3679 1520 3736 erectionem
1533 3679 1708 3750 teraplaronr,
1722 3679 1772 3735 sed
1786 3680 1908 3738 mutto

1069 3750 1154 3818 magis
1165 3750 1321 3805 circumdem
1337 3762 1487 3822 martyrum
1503 3765 1613 3823 agones.
1628 3750 1666 3805 bn
1678 3750 1812 3819 sepulcro
1824 3766 1855 3806 so
1870 3781 1899 3795 -

219 3832 314 3879 sorrcta
333 3823 480 3879 iremberto
496 3820 653 3878 referuntur
668 3824 728 3878 trita
751 3831 814 3877 sont
830 3822 899 3891 apud
919 3836 1015 3879 omnes
1069 3834 1117 3886 per·
1132 3820 1160 3874 S·
1175 3819 1306 3876 b'irreentii
1321 3837 1420 3892 eorpus
1434 3829 1537 3888 erecta,
1550 3837 1584 3877 ex
1598 3823 1667 3876 netis
1678 3822 1743 3890 eius
1759 3822 1821 3878 bare
1834 3823 1891 3880 sie

218 3895 423 3964 lfispaniearom
438 3894 705 4020 rerunrscriptorem
721 3892 1014 3950 itassnereferuutde
1067 3890 1211 3959 Epoifinus
1226 3892 1271 3946 tib.
1290 3906 1309 3946 tr
1324 3908 1385 3962 cab·
1406 3894 1438 3949 5²
1456 3893 1699 3951 Cffwssfififlfflm
1714 3894 1742 3946 in
1763 3894 1838 3948 ιῑιιιιι
1862 3913 1887 3949 ⁰

218 3981 250 4020 eu
262 3966 375 4020 bforafes
389 3965 437 4021 fib.
453 3979 543 4037 xeap.
559 3964 585 4035 6,
626 3965 729 4034 illu-pas,
744 3963 889 4036 Trogilias,
903 3963 1014 4019 vnsaens

1066 3961 1188 4032 {luctibus
1202 3961 1339 4017 deductum
1353 3973 1408 4029 est;
1423 3965 1493 4034 qaod
1505 3980 1521 4017 a
1533 3964 1647 4034 enudant
1660 3971 1787 4018 matrona
1795 3963 1877 4019 sidera

218 4046 245 4091 et
260 4036 362 4092 caeteri.
380 4034 445 4091 Erat
466 4035 575 4106 quidem
589 4036 619 4092 S.
635 4034 797 4092 irembertus
814 4036 931 4104 agricola
945 4076 952 4099 ,
967 4051 1014 4090 cu·
1066 4037 1122 4101 ipso
1136 4035 1265 4088 reuelante
1286 4045 1416 4105 repertum
1429 4045 1484 4102 est,
1498 4046 1523 4089 et
1537 4034 1569 4088 alt
1586 4035 1644 4105 ipsa
1664 4050 1719 4087 ana
1740 4051 1802 4089 cum
1815 4038 1866 4106 osi·

215 4105 323 4177 jusdam
347 4105 455 4176 perutilis
469 4121 579 4170 seruos.
597 4121 611 4161 a
626 4121 681 4177 qtro
696 4105 731 4161 de
743 4104 797 4161 aaa
819 4120 910 4161 eoranr
922 4106 1014 4174 judice

1068 4104 1175 4156 busdam
1185 4101 1306 4172 fidelibus
1318 4109 1343 4159 in
1356 4106 1458 4161 arodico
1470 4105 1578 4160 duellica
1590 4105 1734 4177 uputtrnu.
1748 4104 1862 4162 cenante

219 4185 381 4240 accusatos,
397 4171 494 4244 eapitis
506 4176 674 4231 abscissione
691 4176 807 4230 donatos
822 4185 882 4244 est,
896 4174 959 4230 drnn
982 4176 1009 4230 irr
1067 4190 1125 4227 uero
1139 4176 1325 4246 persecutione,
1337 4193 1431 4249 corpus
1443 4179 1476 4230 ad
1494 4176 1623 4231 ciuitatem
1641 4172 1814 4230 Valentinum
1825 4177 1858 4231 ds

219 4260 287 4316 agro
306 4245 391 4300 bores
409 4246 514 4300 doeens
535 4255 640 4312 araret3
658 4259 801 4301 assumens
814 4245 913 4301 debinc
934 4255 1014 4316 capot
1066 4246 1184 4313 ducitur,
1198 4250 1405 4328 ety'untumuror
1419 4244 1803 4318 frenariyieentiastamulatur.
1815 4248 1853 4302 lla·

220 4315 346 4372 manibus
364 4316 492 4387 propriis,
507 4316 623 4373 durcibos
645 4315 768 4372 etbobos
791 4327 818 4372 et
844 4318 958 4387 angelis,
979 4318 1012 4372 :nl

219 4388 343 4457 sepulcra
367 4398 528 4470 caeterorum
550 4398 720 4470 martynum
749 4387 910 4470 robeiseitor
931 4403 939 4443 :
959 4404 1012 4472 quo

220 4473 282 4516 eom
297 4468 482 4529 peroeunset,
497 4455 672 4514 Exsultabunt
686 4400 747 4533 (arti
764 4475 848 4513 sarran
862 4476 889 4513 ru
909 4461 1013 4529 plona,·

218 4540 246 4587 et
265 4547 280 4584 a
296 4530 404 4585 octena
421 4531 584 4599 martyribus
597 4545 757 4601 responsuro
779 4537 839 4599 est,
855 4530 1013 4586 letabuntur

1066 4314 1160 4369 bemus
1174 4318 1329 4373 usturnoaio
1342 4318 1464 4386 ejusdem
1480 4317 1622 4373 Prttdentii
1643 4319 1675 4373 S.
1692 4316 1850 4373 llrteentium

1066 4399 1119 4440 nou
1134 4386 1218 4443 fuisse
1231 4388 1453 4444 excarnificatum
1471 4387 1619 4454 infernin,
1644 4386 1695 4443 sed
1712 4402 1801 4458 prope
1814 4388 1853 4445 Sa·

1065 4458 1176 4526 gaurino
1198 4458 1287 4513 diruta
1299 4459 1398 4515 rrroenia
1418 4460 1446 4514 in
1467 4460 1529 4515 foca
1541 4458 1651 4529 ignobili
1664 4476 1671 4525 ;
1684 4460 1760 4533 qtrod
1780 4473 1851 4515 auno·

1066 4538 1138 4584 tasse
1151 4529 1232 4584 uelim
1249 4544 1305 4594 eos,
1324 4530 1370 4601 qui
1385 4529 1539 4601 obpositam
1555 4539 1703 4584 senserunt
1717 4544 1725 4585 t
1741 4531 1780 4584 alt
1792 4531 1852 4586 enim

217 4600 243 4656 ln
254 4598 380 4656 cubilibus
400 4600 465 4654 sais.
479 4600 539 4670 Quo
549 4600 621 4659 dicto
634 4601 661 4657 in
678 4601 845 4656 consortium
862 4596 968 4656 illarum
982 4618 1013 4660 se
1066 4599 1092 4653 in
1106 4600 1206 4671 bynrno
1222 4598 1256 4655 tt
1271 4600 1749 4673 blartyromcaesaruugostauarom,
1759 4600 1854 4658 Geor·

187 4733 189 4736 ,
218 4669 303 4728 dedit.
316 4670 377 4728 llidi
393 4682 478 4744 prope
495 4672 651 4747 sepulerum
663 4670 692 4730 S.
714 4668 850 4743 Eupratiae
870 4668 1011 4728 fristarlanr

219 4744 289 4800 franc
303 4743 329 4799 in
347 4755 485 4800 marmore
499 4743 617 4816 sepulcri
631 4742 754 4800 e'usdenr
773 4740 860 4798 saneti
875 4741 1011 4799 framberti

112 4836 121 4853 '
217 4813 536 4941 fortefortes
548 4813 1012 4958 fotifenioletense

217 4899 496 5039 rrunsypruiquoque
510 4899 675 5013 sontpsanetf
684 4954 766 5010 Calos
788 4964 817 5009 et
826 4952 1010 5025 crearemfns,

218 5025 253 5081 tle
266 5026 365 5096 quibos
383 5025 412 5082 in
430 5024 531 5098 hyaroe
547 5025 581 5081 ts
604 5026 752 5098 Martyrum
768 4998 827 5080 irase
845 5023 928 5084 habet
944 5025 1013 5084 ern·
1025 5019 1054 5084 D
1066 5069 1116 5126 cpi
1131 5079 1264 5127 consonat
1276 5070 1378 5127 rdditia
1392 5086 1473 5144 sopra
1485 5073 1557 5129 dista
1567 5071 1773 5132 sanationis.
1786 5070 1908 5140 Quam

1067 5143 1216 5212 speetatad
1232 5143 1320 5198 locoru
1337 5143 1419 5199 natali
1434 5145 1462 5202 S.
1482 5143 1616 5201 ifnceutfi
1632 5144 1799 5200 illustratum
1810 5138 1889 5197 ali-i
1900 5181 1908 5191 .

1066 5228 1119 5282 noa
1135 5215 1205 5268 inter
1221 5223 1346 5270 auctores
1361 5215 1549 5272 controuersia
1562 5222 1623 5280 est3
1639 5214 1766 5271 nonnulli
1779 5216 1908 5270 eniam

1067 5284 1137 5338 inter
1149 5298 1218 5354 quos
1232 5285 1399 5342 estbforules
1419 5284 1468 5342 ffb.
1489 5300 1507 5342 x
1528 5300 1590 5358 cap.
1608 5286 1626 5342 8
1646 5285 1692 5342 sel
1712 5285 1730 5341 9
1751 5286 1908 5342 credun

1066 5352 1278 5426 Caesaraugustae
1288 5367 1376 5412 autom
1387 5355 1481 5423 fuisse,
1493 5356 1539 5413 alii
1549 5368 1641 5413 autem
1650 5352 1745 5423 0seae;
1758 5357 1908 5431 videtu-¹

1067 5425 1121 5479 illis
1134 5423 1225 5481 fauere
1235 5425 1398 5483 Prudentius
1408 5429 1434 5482 iu
1447 5427 1544 5485 eodem
1557 5428 1671 5498 hymno,
1688 5428 1755 5483 dora
1766 5435 1908 5482 asse-⁷1

1066 5495 1318 5567 Cesaraogrrstaois
1332 5497 1367 5554 tit
1384 5499 1550 5571 martyribus
1570 5500 1749 5555 annumerari
1762 5496 1896 5554 debe-,w

1064 5564 1095 5621 S.
1113 5567 1295 5636 vincentium,
1309 5584 1343 5626 eo
1357 5571 1429 5641 qtrad
1443 5571 1507 5626 inde
1521 5571 1684 5642 sanpoiuenr
1699 5569 1831 5629 duxerit:

218 5094 337 5154 deatios.

341 5185 437 5239 Additis
447 5188 503 5242 caia
511 5187 571 5260 (aee
584 5188 649 5240 cuim
661 5187 763 5255 silendi)

340 5249 839 5368 Pleitettlietllitltlttffi

364 5324 379 5361 e
433 5326 449 5376 p
494 5370 682 5442 Laodlsagooe.

215 5516 245 5574 fd
259 5514 413 5574 Rauranum
426 5516 647 5593 bfartyrafupiunr
669 5521 714 5578 die
731 5520 859 5590 praedicta
878 5522 917 5579 sic
929 5519 1013 5596 expo·

216 5588 257 5646 nit
271 5607 277 5642 :
292 5586 326 5643 fn
338 5584 428 5644 eadem
441 5590 543 5645 ciuitate
557 5601 706 5647 sanctarum
722 5592 799 5662 Caii,
815 5604 838 5649 ct
851 5592 991 5649 Cremerrtii
1003 5636 1012 5663 ,

215 5660 260 5732 qui
273 5660 385 5716 secundo
406 5661 528 5731 conferri,
539 5670 564 5716 et
577 5662 605 5716 in
619 5662 671 5731 pide
688 5662 783 5718 Cbrirti
800 5674 1008 5737 perseueranter,

215 5731 333 5803 martyrii
346 5729 454 5787 calicem
466 5740 644 5804 portauerant.
655 5732 733 5801 Quod
746 5736 865 5790 secundo
879 5736 1007 5803 confessi,

216 5803 260 5857 uel
279 5802 398 5859 secondo
412 5803 501 5859 laudis
514 5817 601 5876 agaae
622 5805 750 5861 illustrati
765 5805 910 5872 dicuntur,
928 5807 961 5862 ad
981 5808 1007 5863 id

216 5871 320 5941 tondit,
337 5884 366 5929 ot
380 5875 407 5931 in
423 5879 511 5946 prium
523 5876 673 5936 eacumina
689 5875 865 5949 defecerint,
882 5878 930 5936 sed
945 5878 1005 5936 faeti

1065 4679 1185 4740 augustae
1200 4678 1227 4728 et
1243 4671 1301 4742 ipse
1316 4671 1463 4728 existens:

1186 4778 1277 4834 linter
1290 4793 1339 4847 est,
1349 4785 1458 4849 qoanrris
1470 4784 1554 4848 procui
1565 4783 1623 4835 bine
1636 4785 1663 4835 iu
1676 4783 1743 4836 orbe

1188 4845 1278 4896 Passus
1289 4848 1371 4911 ignata
1383 4846 1482 4899 dederit
1492 4844 1607 4910 sepulcro

1188 4906 1294 4961 Gloriam
1305 4908 1381 4961 siclor
1390 4921 1433 4973 pro
1452 4921 1466 4960 e
1478 4908 1547 4960 littus
1557 4907 1614 4960 altas

1344 4969 1418 5022 forte
1430 4922 1544 5036 ganono.

1187 5700 1726 5769 Qumudautteuouruoarerotatrabeator,⁴

1186 5767 1246 5817 viva
1257 5772 1313 5830 past
1340 5779 1404 5818 oeoa
1412 5768 1540 5831 specimen
1552 5762 1649 5830 puellm

1186 5828 1300 5893 Emsooe
1333 5826 1735 5893 tnaeuonutssnuotstrioeest,

1339 5888 1559 5944 remeabamus.
