4192 6434
232 306 289 373 w.
683 314 800 374 titulae
819 312 1073 382 DEDleTlthES
1094 316 1418 419 ElsshAEFATlONES.
1823 326 1878 388 tt·

233 423 405 484 existimanti
419 426 472 486 boe
486 438 566 503 pacto
580 444 669 502 opera
686 436 802 503 pretium
822 433 953 490 laesurum
968 446 1026 503 me,
1041 434 1068 494 Α
1082 442 1156 501 rcus,
1173 434 1256 490 turmo
1269 436 1311 494 rel
1325 436 1373 493 toti
1384 436 1494 494 demum
1510 435 1570 496 orbi
1585 444 1747 511 patesceret,
1759 444 1877 507 sanetu-

233 517 315 591 idque
328 522 561 594 promulgaturum
575 540 649 597 ,quo
664 534 755 582 restra
769 526 889 584 eruditio
902 524 1027 582 nonnihil
1080 513 1141 583 mit
1153 526 1270 597 ejusriri
1280 536 1334 584 tam
1348 528 1422 599 pium
1434 528 1589 588 institutum
1602 548 1656 590 nun
1665 548 1726 592 esse
1737 534 1876 612 birotum,

231 610 408 682 adjuvaretur
422 612 456 670 ad
471 615 806 685 praetereanturque,
823 627 851 674 et
867 617 1027 674 litteraturae
1079 619 1232 676 iulmrtatus
1249 630 1291 678 est
1314 621 1386 678 idem
1406 622 1448 679 rir
1463 622 1576 680 Paulum
1590 623 1718 684 orosium
1732 626 1874 704 protru-

233 698 370 774 lestigium
392 703 610 776 adipiscendum.
628 707 723 766 latete
745 718 774 766 ιι
794 709 864 767 lianc
887 709 1027 781 operulam
1079 710 1265 780 conquiram,
1288 728 1337 783 pcr
1351 728 1385 770 ea
1400 722 1524 786 tempora
1547 714 1600 772 sibi
1616 719 1741 789 apprime
1758 718 1875 780 tansitis-

231 793 285 854 mci
305 793 332 851 iu
355 810 404 853 ros
417 798 519 856 arauris
536 814 568 858 ac
591 801 773 861 observantiae
796 812 893 862 testeus
914 802 1028 877 pereuni
1078 817 1136 858 rem
1149 844 1157 870 ,
1172 812 1200 861 cs
1223 805 1250 860 iu
1266 805 1385 861 lectione
1403 805 1578 865 historiarum
1593 811 1876 883 exercitatissimum,

231 884 324 951 studio
339 886 515 948 coalurmtis.

550 983 720 1046 netsrotu
819 969 825 980 “

316 1070 427 1133 losnuts
440 1075 557 1136 ὓιιιιιιιι
577 1096 611 1136 m
626 1080 768 1140 Gennesar
789 1099 806 1140 ι
824 1083 919 1144 Sarra.

230 1185 336 1253 hlutri,
346 1203 534 1263 generosaque
547 1193 608 1250 riro
621 1196 737 1253 bouriuo
749 1198 872 1256 Genucio
891 1216 908 1255 u
930 1198 1024 1264 Setun,

264 1273 300 1340 es
313 1259 414 1341 inclyta
429 1273 455 1319 et
470 1266 599 1332 praeclara
615 1271 745 1325 comitum
761 1286 775 1325 a
792 1270 971 1341 liutgeustciu
986 1272 1025 1328 la-

266 1331 339 1385 tntlta
353 1373 361 1399 ,
384 1333 602 1405 metropolitanae
618 1340 739 1395 ecclcsiae
752 1338 923 1398 Coloniensis
937 1356 1021 1397 cauo·

266 1399 334 1456 uico
359 1399 627 1474 archigrammareu,
654 1409 780 1467 ‹lirurnm
808 1412 925 1468 Patrocli
953 1410 1024 1480 apud

264 1469 392 1555 stratura
411 1474 482 1530 hand
497 1478 616 1547 ignobile
633 1479 798 1551 llcstphaliae
816 1483 957 1553 oppidum,
969 1483 1023 1537 tle·

264 1556 364 1610 reorus,
378 1558 411 1600 ac
426 1549 617 1618 Apostolorum
637 1554 708 1620 apud
723 1552 865 1617 Coloniam
886 1556 962 1621 ieeur,
979 1569 1025 1608 ur-

267 1611 328 1667 bem
345 1614 476 1673 Ubiorum
495 1621 777 1691 laurigeratissimam,
792 1624 969 1680 ecclesiarum
981 1640 1025 1678 ar·

264 1682 437 1752 ehirliacouo‚
463 1692 619 1757 praeposito,
642 1690 754 1747 duruino
777 1704 805 1749 ct
824 1703 939 1766 patrono
962 1710 1023 1762 suo,

405 1774 486 1829 quarn
500 1761 648 1828 plurimum
662 1762 844 1833 obseruando,

442 1872 560 1931 loannes
574 1876 724 1943 Gestatus,
738 1879 767 1936 S.
784 1880 815 1935 b.

263 1986 347 2043 Diuus
368 1988 494 2045 Aurelius
509 1992 690 2063 Augustinus,
716 1993 757 2048 rir
772 2003 873 2063 preter
886 1993 969 2049 animi
984 1995 1022 2050 lc-

224 2079 362 2147 nitatcm‚
378 2096 458 2151 quam
472 2080 528 2152 jans
543 2080 635 2138 iudea
657 2083 743 2156 prima
758 2082 944 2140 adolescentia
965 2100 1021 2162 prae

224 2184 256 2226 se
271 2169 333 2225 tulit
346 2186 466 2241 semper,
481 2188 512 2228 ac
527 2184 658 2245 perpetuo
670 2175 798 2243 seruauit,
813 2186 869 2233 tum
879 2185 908 2233 ct
920 2188 1020 2248 practer

224 2265 289 2322 rite
303 2266 528 2334 sanctimoniam,
544 2283 596 2339 qus
610 2282 672 2325 tuos
687 2258 747 2341 post
769 2270 829 2341 rjus
842 2271 875 2327 ad
886 2269 1020 2327 Christia-

225 2362 343 2419 nismum
362 2364 594 2432 conversionem,
610 2364 794 2423 inclarescere
814 2375 935 2437 coeperat
950 2366 1021 2437 apud

228 2454 316 2514 berum
330 2466 357 2513 et
373 2457 509 2525 lruurines,
525 2457 665 2517 acdeiude
679 2460 939 2532 insiguiterclaruit,
955 2460 1021 2516 dunt

224 2546 312 2619 risis,
328 2550 419 2623 magni
443 2566 510 2608 sane
527 2550 623 2621 iudicii
638 2551 704 2620 huit,
725 2567 787 2609 eum
811 2553 838 2609 iu
855 2551 975 2623 profanis
992 2559 1021 2607 el

224 2641 415 2712 secularibus,
431 2653 487 2700 tuor
503 2646 530 2700 in
547 2644 646 2701 diuinis
656 2644 793 2717 precipue
804 2654 832 2702 et
847 2645 932 2701 saeris
948 2644 1022 2699 litte-

224 2733 278 2801 ris,
290 2749 372 2806 quas,
388 2742 566 2807 posteaquam
581 2735 689 2792 Christo
704 2736 730 2792 in
744 2751 823 2793 sacro
836 2737 909 2793 toute
921 2751 1020 2793 noureu

225 2824 351 2896 dederat,
367 2826 578 2902 diligentissime
589 2836 723 2886 scrutatus
732 2829 875 2898 est,rolrit
886 2836 966 2899 atquc
978 2843 1021 2884 rc-

225 2916 322 2984 solrit,
341 2927 369 2974 et
387 2918 414 2974 ia
431 2917 474 2976 bis
488 2920 656 2977 elucidandis
667 2921 890 2994 exprimendisque
905 2936 958 2977 nou
973 2934 1018 2977 se·

1078 903 1109 950 ut
1119 895 1153 950 ab
1168 896 1235 953 orbo
1249 896 1360 953 condito
1371 897 1506 955 historias
1517 910 1665 960 conterere
1680 904 1876 975 aggrederetur

1077 989 1111 1045 ad
1124 1005 1171 1046 sua
1189 1006 1274 1060 nsque
1286 999 1421 1063 tempora,
1434 993 1505 1050 unde
1517 993 1625 1051 taudem
1637 996 1761 1053 maledici
1773 982 1811 1055 illi
1825 998 1875 1056 ho·

1077 1084 1166 1141 mines
1179 1084 1221 1141 rel
1239 1086 1314 1141 inriti
1338 1087 1520 1159 intelligerent
1547 1100 1800 1162 cognoscercutque
1820 1106 1875 1149 nou

1076 1175 1258 1233 Christianam
1270 1178 1429 1250 religionem
1446 1180 1472 1235 iu
1486 1194 1568 1240 censa
1579 1194 1652 1247 esse.
1666 1181 1804 1253 quodiam
1817 1192 1874 1240 tunt

1076 1266 1228 1324 licinianum
1248 1270 1393 1340 irnperium
1410 1270 1544 1327 inclinare
1559 1271 1708 1341 rideretur,
1722 1273 1771 1330 sed
1787 1274 1876 1332 horni-

1076 1377 1141 1417 nmn
1152 1363 1242 1434 potius
1252 1364 1343 1435 grauia
1356 1363 1543 1437 horrendaque
1556 1365 1662 1422 scelera
1675 1375 1755 1439 atque
1766 1366 1868 1440 naglsh

1078 1453 1160 1523 idque
1181 1454 1254 1510 baud
1278 1453 1362 1511 dubie
1390 1455 1481 1514 diuina
1505 1456 1678 1527 prurideutia
1712 1458 1753 1514 sle
1780 1457 1872 1530 dispo·

1077 1555 1160 1601 uerrte
1172 1556 1199 1601 ct
1215 1547 1374 1602 moderante
1389 1547 1480 1604 omnia
1495 1563 1545 1618 pro
1558 1563 1609 1606 suo
1625 1557 1693 1610 nutu
1707 1547 1740 1605 ad
1750 1563 1875 1607 conssu-

1077 1652 1138 1693 uem
1177 1654 1286 1708 sempor
1316 1640 1427 1694 lruruaui
1456 1642 1565 1712 generis
1590 1642 1728 1708 salutern,
1759 1642 1875 1716 eiusque

1078 1728 1309 1787 cureudationem.
1324 1729 1438 1785 Orosius
1454 1731 1534 1803 igitar
1548 1732 1615 1787 taust
1625 1732 1675 1787 riri
1692 1731 1812 1796 hortatui
1825 1746 1875 1796 seu

1037 1819 1062 1880 B
1075 1823 1164 1892 purius
1176 1829 1313 1892 praccepta
1326 1823 1406 1894 (rutel
1419 1823 1477 1894 ipsc
1490 1822 1603 1880 daseia
1615 1824 1707 1894 operis
1720 1823 1763 1889 sui
1776 1822 1874 1896 prela·

1075 1918 1148 1970 tiuue
1163 1916 1281 1987 ingenue
1297 1917 1426 1986 testatur)
1446 1932 1500 1972 uun
1514 1917 1633 1973 illubens
1645 1916 1749 1989 paruit,
1761 1918 1873 1975 tuscul

1075 2006 1102 2064 id
1123 2009 1175 2063 sibi
1194 2008 1303 2064 ‹liltlcilo
1314 2007 1460 2064 admodum
1481 2010 1540 2066 latre
1557 2010 1683 2076 sentiret,
1704 2025 1736 2066 ae
1750 2010 1874 2083 protinus

1074 2114 1221 2170 aggressus
1245 2100 1372 2156 historias
1392 2101 1585 2166 conscribere,
1604 2102 1752 2172 perlibens
1767 2109 1873 2175 septem

1077 2191 1111 2247 ab
1123 2192 1228 2262 origine
1243 2193 1481 2264 mendicetmeus,
1501 2194 1624 2252 collectis
1639 2194 1760 2268 undique
1775 2194 1817 2268 (ut
1829 2204 1872 2255 est

1080 2283 1241 2355 rcrisimilc)
1255 2280 1411 2348 arinalihus,
1423 2284 1584 2355 adjrrtusque
1599 2286 1790 2356 proculdubio,
1803 2300 1875 2357 quos

1075 2385 1138 2431 ante
1153 2391 1183 2433 so
1201 2376 1310 2444 habuit,
1328 2376 1468 2432 historicis
1485 2377 1597 2434 minime
1619 2376 1799 2449 vulgaribus,
1822 2391 1874 2436 eos.

1074 2464 1149 2540 ipsos
1162 2465 1246 2521 libros
1258 2474 1363 2537 septem
1378 2467 1403 2520 iu
1419 2482 1487 2536 opus
1501 2466 1615 2537 redegit,
1631 2466 1755 2537 proiecto
1771 2478 1800 2522 ιιι
1815 2482 1871 2525 oon

1075 2555 1225 2628 inelegans,
1243 2558 1278 2612 ita
1298 2572 1349 2613 nee
1368 2558 1475 2614 crateris
1495 2557 1670 2613 historiarum
1692 2557 1873 2628 scriptoribus

1074 2648 1153 2717 louge
1170 2647 1388 2717 postponendum
1405 2665 1411 2701 :
1432 2647 1497 2718 quin
1517 2647 1619 2704 eisdem
1636 2647 1663 2703 iu
1679 2648 1731 2706 hoc
1744 2647 1871 2705 fortassis

1074 2738 1283 2808 praeterendum,
1299 2738 1371 2809 quud
1386 2740 1484 2811 ubique
1495 2747 1590 2796 auctor
1601 2739 1661 2812 ipse
1674 2740 1701 2796 in
1715 2748 1772 2796 toto
1785 2754 1871 2812 opere

1073 2829 1120 2885 illo
1134 2844 1193 2894 suo,
1206 2843 1268 2885 curn
1281 2844 1373 2886 rerum
1387 2842 1525 2902 gestarunt
1537 2833 1706 2898 narratione,
1719 2840 1874 2904 temporum

1074 2933 1262 2994 annorumque
1283 2921 1481 2988 collationem,
1509 2922 1786 2993 suppurationemque
1807 2937 1873 2980 con·

222 3010 451 3082 guiterrersatus
464 3011 624 3070 innumeros
635 3029 719 3086 prope
734 3015 820 3071 libros
835 3030 849 3068 a
864 3014 1020 3085 seseriptos
1070 3013 1179 3085 jaasia
1194 3024 1328 3086 quatenus
1348 3031 1402 3071 uon
1420 3014 1495 3086 parri
1515 3015 1610 3081 relert,
1625 3031 1700 3082 erum,
1710 3015 1758 3088 qui
1772 3030 1816 3072 res
1826 3014 1869 3073 di·

223 3103 344 3175 posteris
356 3105 475 3180 reliquit.
488 3105 538 3163 llic
551 3106 688 3182 (iuquam)
702 3123 763 3165 cum
776 3108 848 3168 iuter
862 3107 914 3163 alia
929 3107 1019 3163 studia
1072 3111 1160 3165 versis
1172 3120 1263 3182 gestas
1283 3110 1450 3180 temporibus
1469 3123 1635 3179 cognoscere
1647 3108 1749 3174 studet,
1765 3116 1871 3179 tempo·

223 3211 286 3270 ‘lim
306 3198 449 3270 ¹i³⁰¹³¹l²¹r
467 3199 493 3255 5¹¹
508 3200 634 3256 minibus
655 3199 767 3267 hebetet
786 3207 1018 3269 ⁶0ml⁰¹i0i⁰ll¹¹0
1032 3160 1058 3227 c
1073 3218 1133 3260 rura
1147 3218 1257 3274 quoque
1272 3203 1411 3273 ipsorum,
1425 3200 1525 3272 quibus
1544 3216 1590 3257 rcs
1609 3200 1664 3256 ille
1683 3209 1768 3273 gestae
1790 3209 1873 3271 sunt,

222 3287 327 3362 grande
340 3289 406 3347 illud
430 3306 514 3363 uptus,
535 3293 593 3349 sire
606 3289 828 3361 rolumcn,quod
851 3287 1019 3346 decivitate
1071 3304 1176 3350 certam
1198 3293 1278 3349 simul
1300 3292 1435 3349 rationem
1455 3291 1731 3362 obsecrationemque
1757 3292 1871 3350 lubere.

223 3380 275 3439 Ilei
288 3380 514 3454 insusurrantis
529 3384 613 3442 libros
628 3384 723 3456 uiginti
734 3382 803 3440 duos
816 3382 938 3454 digessit,
952 3396 1019 3452 que·
1071 3386 1148 3456 Quod
1163 3386 1272 3461 quidem
1287 3402 1355 3457 opus
1371 3387 1433 3457 quia
1445 3385 1501 3458 jam
1517 3384 1665 3458 aliquoties
1680 3400 1812 3445 excusum
1827 3401 1871 3445 εχ.

223 3487 285 3530 rum
301 3474 328 3531 in
342 3474 480 3547 prioribus
495 3477 604 3549 quidem
620 3476 717 3533 decern
730 3476 886 3533 acutissime
900 3475 1020 3545 disputat
1073 3478 1155 3546 stitit,
1176 3479 1225 3534 sed
1241 3478 1348 3534 mendis
1367 3478 1476 3535 iuterim
1491 3494 1544 3534 nun
1559 3478 1651 3550 paucis
1671 3487 1792 3548 sentens,
1808 3478 1874 3537 lieet

223 3577 320 3626 eontra
345 3569 491 3640 iuhrleles,
516 3587 585 3644 quus
609 3571 689 3643 uulgo
711 3584 831 3642 paganos
857 3576 966 3635 vocant,
993 3573 1022 3622 ct
1075 3569 1782 3643 totiestentatum:rblrisemacularirepurgarique:
1799 3585 1873 3629 nunc

222 3660 371 3721 Christiani
381 3665 499 3722 nominis
510 3665 613 3733 trustes,
625 3664 672 3736 qui
683 3663 801 3720 Romani
815 3662 922 3734 imperii
932 3659 1021 3716 immi·
1072 3665 1183 3721 demum
1196 3680 1262 3721 eura
1283 3676 1310 3720 et
1324 3662 1453 3735 expensis
1472 3664 1595 3735 magistri
1606 3663 1722 3720 Gotlridi
1741 3664 1871 3737 llittorpii

222 3764 335 3813 nentem
356 3755 475 3825 ruinam,
491 3765 520 3813 ιιι
537 3755 609 3829 quod
632 3771 680 3827 per
695 3755 721 3812 id
737 3754 869 3827 temporis
884 3752 1018 3809 inclinare
1073 3758 1140 3813 ciris
1154 3757 1324 3813 coloniensis
1335 3772 1388 3811 unu
1403 3755 1488 3810 irrtlrni
1501 3754 1617 3821 ordinis,
1629 3754 1680 3810 riri
1694 3769 1739 3811 me
1753 3755 1867 3816 hercule

222 3854 365 3918 ssoelmi·
377 3846 540 3905 Christianae
552 3847 647 3918 pietati
663 3846 780 3917 uariare
792 3843 954 3915 etreligioui
968 3842 1019 3897 im·
1073 3859 1101 3906 ιι
1122 3849 1247 3905 industrii
1271 3857 1299 3903 ct
1322 3846 1446 3911 laurresti,
1472 3846 1520 3901 sert
1540 3846 1709 3917 recognitum
1725 3845 1802 3916 prins
1813 3860 1868 3903 non

222 3938 365 4009 putabant·
381 3938 410 3996 lli
429 3940 528 4013 quillus
544 3939 658 4012 proinde
674 3938 751 3996 libris
770 3938 812 3994 til·
832 3937 878 3995 ille
893 3934 1022 4008 gratissi·
1074 3958 1154 4013 paraq
1167 3941 1317 4015 diligentia,
1331 3941 1428 4012 partim
1444 3945 1548 4005 gloriere,
1561 3939 1660 4010 partim
1672 3939 1788 3997 aliorum
1801 3954 1872 4015 (μω.

223 4029 277 4089 nris
291 4030 505 4104 certissimisque
520 4048 552 4089 es
568 4032 688 4105 probatis
708 4030 883 4087 historiarum
905 4028 1022 4100 scripto·
1074 4034 1215 4102 rumdam,
1234 4043 1261 4090 ct
1274 4035 1307 4089 ab
1326 4032 1496 4090 restantibus
1521 4031 1627 4088 mendis
1641 4044 1830 4106 repurgatum,
1845 4034 1874 4093 in

224 4120 302 4187 ribus
322 4122 473 4196 desumptis
498 4125 675 4191 testimoniis,
696 4123 759 4181 illos
790 4122 912 4180 contusas
938 4130 1020 4192 atque
1074 4126 1164 4184 lucem
1176 4126 1274 4181 iterum
1291 4123 1393 4196 prodit,
1412 4124 1498 4180 nrulto
1510 4138 1576 4181 sanc
1589 4124 1669 4182 aliter
1680 4140 1761 4197 quam
1781 4126 1873 4184 tracte

192 4197 197 4207 ¹
223 4213 372 4285 convincit,
385 4217 469 4274 immo
483 4217 700 4276 luculentissime
710 4216 828 4274 ostendit
839 4215 1022 4272 demonstrat·
1075 4232 1137 4282 ntus,
1149 4215 1285 4288 simulque
1299 4225 1324 4272 et
1339 4215 1410 4288 typis
1425 4213 1572 4271 admodum
1584 4215 1778 4287 plausibilibus
1790 4234 1874 4282 escu-

223 4322 289 4380 que,
314 4324 369 4366 uon
394 4325 494 4367 norum
515 4309 583 4380 lure,
603 4320 650 4367 aut
667 4310 748 4367 etiarn
768 4324 816 4381 pro
831 4306 962 4364 miraculo
976 4303 1020 4372 lta·
1073 4324 1145 4366 sunt.
1160 4308 1294 4367 Ceterum
1317 4308 1388 4363 hane
1402 4318 1524 4363 nostram
1544 4307 1572 4363 in
1587 4308 1638 4365 hoe
1660 4318 1783 4365 auratam
1797 4310 1873 4370 lucu·

222 4382 358 4469 heodem,
373 4401 524 4460 Romanurn
541 4404 683 4476 imperium
697 4404 848 4461 desiturum
861 4398 1018 4472 aliquando,
1074 4401 1226 4457 brettonem
1241 4407 1323 4470 atque
1340 4412 1470 4469 operam,
1485 4414 1548 4455 eum
1559 4400 1615 4469 iam
1631 4398 1872 4471 eirerrmspicerenr

222 4503 269 4548 sut
280 4492 553 4552 certeinelinaturum
564 4514 570 4550 :
582 4512 643 4554 eum
653 4495 805 4552 clarissime
817 4503 934 4559 constet,
945 4490 1017 4564 apud
1031 4537 1060 4599 D
1074 4504 1235 4561 mecrrrnque
1248 4488 1414 4559 cogitarem,
1432 4486 1539 4543 cuinam
1562 4502 1597 4553 es
1616 4486 1785 4560 principibus
1803 4488 1872 4552 siris

223 4583 399 4644 historiarum
424 4589 633 4661 antraliumque,
657 4589 741 4645 irrrnto
761 4596 789 4646 et
816 4586 1018 4646 Clrroatcoram
1055 4594 1259 4651 'nuncuparem
1281 4577 1507 4647 dedicaremque,
1524 4585 1554 4631 ut
1568 4578 1645 4647 cujus
1660 4577 1744 4633 tutela
1769 4577 1871 4635 nitere·

222 4677 390 4751 scriptores,
409 4679 445 4738 ab
468 4681 626 4755 eisdemque
646 4681 785 4742 memoriae
810 4681 948 4751 proditum
971 4680 1020 4747 sit,
1077 4684 1137 4741 tur,
1159 4681 1204 4728 tua
1226 4670 1293 4726 mihi
1309 4683 1370 4725 cum
1385 4668 1480 4740 primis
1495 4668 1581 4741 gratia
1598 4667 1624 4723 in
1648 4678 1767 4724 ruentem
1782 4668 1870 4746 seuit,

223 4782 309 4842 regna
319 4780 346 4826 et
362 4772 475 4843 imperia
491 4774 606 4830 subinde
620 4773 661 4830 rel
677 4772 807 4828 srrtn‘crsa
829 4771 961 4839 lurrditus,
975 4770 1020 4828 rel
1075 4767 1175 4839 inclyte
1189 4779 1220 4822 ae
1243 4777 1376 4836 generose
1390 4761 1505 4829 Cautes,
1526 4775 1578 4816 nee
1595 4759 1622 4816 id
1634 4760 1741 4831 quidem
1756 4762 1870 4819 saneah

224 4862 356 4921 translata
376 4864 460 4924 tuisse
475 4885 481 4921 :
496 4874 525 4924 ut
546 4866 570 4923 sl
583 4867 644 4939 quis
656 4866 779 4936 exempla
794 4874 877 4936 petat,
893 4867 1019 4938 Assyrio-

223 4970 297 5024 runs,
309 4957 462 5026 bledorum,
473 4958 630 5028 Persarum,
645 4959 821 5016 llacedonum
836 4958 895 5015 sire
907 4959 1020 5017 Gracco-

223 5063 296 5117 runr,
322 5050 404 5107 etiam
428 5051 480 5109 sub
503 5051 572 5109 laisa
594 5053 640 5108 illa
655 5052 799 5123 rengione,
815 5051 937 5123 quadiu
956 5060 1020 5108 ante

222 5139 325 5199 curren
346 5143 497 5201 Salvatoris
517 5146 603 5202 nostri
619 5144 765 5201 adrentum
780 5143 937 5202 uniuersum
949 5156 1019 5214 pene

222 5234 317 5291 orbem
328 5245 475 5306 occuparat
486 5245 567 5308 atque
584 5236 718 5293 illuserat.
732 5236 797 5303 Qum
810 5235 937 5291 nimirum
953 5234 1019 5307 quid

220 5323 297 5380 aliud
311 5325 427 5396 (quaeso)
442 5324 505 5393 luit,
517 5342 598 5398 quana
617 5326 747 5383 lalsorum
760 5324 885 5393 deornm,
901 5326 958 5381 sire
972 5340 1018 5382 se·

219 5418 280 5476 rius
294 5417 469 5487 daemonum,
484 5418 571 5475 cultus
586 5418 797 5475 exitiosissimus
809 5417 821 5471 l
834 5417 968 5474 Ceterum
982 5432 1017 5475 ne

218 5510 314 5582 impiis
332 5510 386 5567 iltis
399 5520 428 5567 et
442 5510 611 5582 blasphemis
623 5509 786 5566 Cirristiauae
801 5509 940 5581 religionis
953 5523 1019 5565 oso-

218 5601 300 5661 ribus
321 5612 348 5660 et
371 5601 600 5660 coarielatoribus
618 5610 774 5674 superesset
788 5601 948 5674 quidquam,
963 5616 1018 5671 quo

215 5709 300 5753 mam
323 5692 398 5752 illam
412 5694 548 5751 ralritiam
572 5703 600 5750 et
623 5693 794 5764 versipellem
816 5693 947 5749 malitiam
976 5705 1009 5746 ac

215 5784 443 5848 maledicentiam
461 5786 594 5847 adsersus
606 5785 776 5847 christianos
797 5788 870 5859 ipsos
883 5794 1017 5859 pretexe-

1079 4877 1120 4918 rc.
1135 4859 1240 4930 Quippe
1257 4856 1335 4927 errius
1353 4855 1474 4911 latrarem
1499 4865 1526 4912 et
1541 4853 1758 4911 berrerulentiem
1771 4855 1873 4928 sapius
1959 4848 1962 4855 ’

1075 4955 1102 5010 in
1115 4970 1159 5011 me
1172 4962 1303 5023 expertus
1315 4966 1386 5016 surn,
1403 4964 1456 5005 nou
1471 4948 1572 5020 absque
1587 4948 1674 5004 tructu
1688 4956 1715 5004 ct
1727 4948 1872 5008 commotio

1074 5048 1166 5120 aliquo
1186 5061 1257 5102 meo.
1276 5044 1369 5115 haqne
1387 5052 1415 5098 ιιι
1430 5040 1623 5113 gratitudinem
1638 5042 1736 5099 saltem
1750 5041 1871 5115 aliquam

1073 5156 1137 5212 erga
1153 5150 1280 5195 lerneam
1300 5146 1327 5194 et
1346 5133 1430 5191 arrirui
1455 5148 1518 5206 erga
1535 5142 1560 5189 te
1576 5134 1629 5189 urei
1645 5134 1870 5205 propensionem,

1072 5248 1145 5287 nunc
1159 5230 1268 5287 tandem
1285 5228 1327 5284 rel
1348 5236 1495 5295 utcumque
1512 5224 1648 5281 declarem
1672 5225 1871 5299 ostendamque

1071 5326 1146 5394 (narn
1169 5321 1195 5376 id
1209 5324 1235 5376 in
1252 5319 1322 5375 rotis
1334 5316 1493 5387 jamdudum
1516 5317 1609 5385 habui,
1626 5318 1668 5373 rir
1680 5318 1869 5375 cordatissime
1956 5319 1960 5325 '

1074 5411 1320 5485 dignissimoque),
1335 5409 1387 5468 hoc
1404 5417 1458 5465 turc
1470 5408 1562 5479 gratiae
1581 5423 1613 5466 ae
1626 5408 1818 5466 muniticeutim
1837 5406 1867 5462 in

1073 5506 1220 5579 presentia
1232 5501 1421 5559 nrunrrsculum
1433 5499 1519 5557 allero
1530 5498 1684 5572 dedicoque
1696 5517 1704 5555 ε
1719 5513 1769 5554 nee
1775 5496 1869 5553 dubito

1073 5602 1138 5673 quiu
1159 5610 1203 5657 tua
1221 5613 1286 5670 erga
1308 5594 1575 5662 raahearrolamia,
1601 5594 1668 5650 illud
1694 5588 1869 5665 quantulum·

1073 5707 1181 5764 cunque
1195 5690 1247 5758 sil,
1267 5704 1345 5762 aquo
1359 5688 1531 5760 benignoque
1550 5686 1641 5751 auimo
1659 5684 1696 5741 sit
1708 5691 1866 5758 acceptura,

1073 5794 1103 5843 ut
1128 5784 1174 5858 qui
1192 5782 1282 5841 solcas
1303 5795 1354 5868 pro
1370 5790 1415 5842 tua
1439 5777 1598 5852 prudentis,
1618 5790 1671 5834 non
1684 5774 1718 5831 sd
1730 5788 1788 5832 rem
1804 5788 1865 5846 qua·
