4192 6434
364 421 401 486 d'l
476 462 483 473 ·
827 417 978 485 sullus
999 418 1125 484 tuctus
1144 418 1288 482 DEXTED
1304 416 1568 483 cituurtuuoutls.
1979 415 2007 478 lt

367 550 573 613 nonnumquam
588 534 707 594 inrisere
721 531 961 605 vallicellenscm,
978 534 1055 592 card.
1081 535 1167 590 Baro·
1179 538 1204 600 A
1218 533 1454 608 patrocinantibus
1474 535 1600 606 ingentes
1618 526 1867 589 misericordiarum
1883 527 1933 588 Dei
1955 530 2007 590 the·

368 631 410 690 nii
428 631 527 691 studiis
551 630 726 687 illustratam.
742 629 775 687 m
795 638 824 687 ut
844 630 912 685 alias
926 628 1053 686 brevitati
1068 643 1168 685 consu·
1219 641 1315 683 sauros
1337 640 1462 683 reserare
1482 625 1592 682 dabitur
1612 623 1703 713 nobis,
1721 622 1808 680 multo
1830 637 1912 695 quam
1933 632 2007 682 antea

367 728 441 797 lens,
457 726 598 797 omittam,
609 741 777 802 magnopere
788 725 904 784 contulit
916 726 946 782 S.
962 724 1036 781 Petri
1048 724 1076 781 in
1091 724 1168 780 Don-
1219 720 1393 793 locupletius.

366 830 397 880 to
408 820 500 880 sarco
509 819 693 890 bibliotheca,
707 821 735 876 ln
748 834 801 893 qua
818 819 894 877 reiut
907 817 936 875 in
950 817 1032 874 domo
1044 815 1165 890 propria,
1255 814 1284 870 ln
1306 813 1434 872 iectionis
1451 826 1520 871 vero
1540 820 1631 870 textus
1642 811 1736 869 Dextri
1755 811 1944 869 emendatione
1959 826 2007 869 not

367 912 538 986 benignitate
550 914 673 969 auctoris
686 911 782 984 ipsius,
797 910 919 983 quotidie
934 909 993 968 lere
1003 909 1090 967 labori
1105 923 1167 966 meo
1219 905 1311 962 minus
1325 903 1523 962 elaborandum
1539 903 1619 960 nobis
1634 903 1697 973 luit,
1716 917 1750 960 eo
1764 903 1928 975 prasertim,
1942 904 2007 975 quod

369 1004 583 1072 incumbebam,
598 1003 727 1072 consilio,
751 1012 779 1060 et
798 1001 902 1073 iudicio
920 999 1165 1072 animositatum.
1218 996 1307 1055 codex
1323 997 1381 1071 ipse
1391 995 1532 1069 originalis
1541 994 1647 1053 mendis
1660 994 1868 1068 quamplurimis
1880 994 2007 1069 scatebat,

367 1097 459 1158 Patris
472 1099 553 1156 Lucae
565 1096 732 1168 Waddingi,
748 1095 841 1153 Sacrae
852 1095 1009 1168 utreologia
1024 1093 1168 1167 praelecto·
1219 1099 1246 1145 et
1260 1103 1442 1145 atrianuenses
1456 1087 1503 1160 qui
1522 1086 1586 1145 inde
1598 1103 1664 1146 suos
1682 1095 1875 1154 extraxerant,
1897 1087 2007 1145 serratis

368 1192 420 1265 ris,
446 1206 478 1248 ae
498 1191 581 1248 totius
596 1187 732 1261 seraphici
748 1188 854 1245 ordinis
873 1185 1166 1259 archicltronograpbi,
1219 1181 1285 1250 illis,
1299 1181 1469 1240 admiserant
1483 1196 1563 1250 nora,
1578 1181 1651 1239 unde
1664 1180 1777 1239 diliicilc
1792 1181 1878 1253 potuit
1893 1182 2007 1253 pristina

368 1285 448 1355 cujus
463 1282 627 1341 bibliotheca
643 1285 699 1352 ipsa
713 1291 767 1348 est,
781 1289 810 1338 et
823 1281 908 1337 muita
922 1279 1053 1351 variaque
1071 1292 1166 1351 opera,
1219 1273 1331 1344 puritati
1345 1274 1453 1330 restitui
1466 1291 1473 1329 t
1487 1275 1573 1331 muita
1589 1285 1680 1330 tamen
1694 1288 1755 1346 quoe
1769 1273 1944 1346 postmodnm
1967 1272 2007 1330 ad

370 1392 431 1449 quas
444 1377 544 1449 partim
567 1376 661 1441 edita,
683 1375 781 1445 partim
806 1374 966 1445 qrrantocius
983 1371 1089 1431 edenda
1109 1386 1167 1443 prae
1219 1368 1305 1423 mixta
1320 1375 1395 1435 sunt,
1411 1368 1474 1423 aliis
1487 1368 1574 1440 copiis
1590 1369 1697 1425 collatis
1711 1371 1832 1435 resecui;
1847 1377 1875 1425 et
1887 1369 1942 1424 alia
1954 1383 2007 1440 quta

368 1471 496 1528 manibus
514 1469 606 1535 babet,
621 1468 759 1541 ingentem
775 1466 817 1522 illi
832 1468 987 1538 parturiunt
1004 1465 1120 1538 gloriam
1140 1471 1168 1521 et
1219 1473 1255 1514 ex
1269 1458 1388 1515 lectione
1401 1460 1472 1531 ipsa,
1486 1460 1605 1518 evidenti
1619 1464 1789 1519 correctione
1802 1461 1925 1533 indigere
1940 1461 2007 1532 jucli-

369 1563 515 1621 honorem.
531 1563 567 1618 Et
582 1561 641 1618 haec
665 1562 755 1617 omnia
771 1575 821 1632 pro
836 1560 977 1626 varietate,
994 1557 1165 1628 antiquitate,
1218 1558 1278 1607 cata
1294 1560 1369 1620 sunt,
1385 1561 1413 1607 et
1432 1566 1555 1609 errorem
1574 1567 1628 1609 non
1642 1553 1774 1622 auctoris,
1791 1556 1839 1611 sed
1859 1555 2007 1626 exscripto·

369 1665 399 1713 et
413 1656 533 1712 novitate
544 1654 667 1710 historiae
681 1652 777 1708 Dextri
790 1649 962 1719 elucidanda,
974 1657 1005 1707 et
1017 1664 1068 1720 pro
1081 1645 1166 1704 citro·
1219 1643 1258 1700 ris
1271 1645 1415 1701 manifeste
1429 1650 1591 1717 arguebant,
1609 1649 1765 1706 emendari.
1782 1649 1905 1721 Exempli
1919 1664 2007 1717 causa,

368 1745 626 1820 noligiacequauda,
641 1745 833 1799 erolrcrcnon
847 1742 979 1798 dubitari.
1220 1752 1292 1793 anno
1313 1736 1420 1792 Domini
1443 1738 1570 1797 siluerat
1593 1741 1635 1798 bis
1660 1741 1762 1812 scripta
1784 1742 1896 1797 totidem
1923 1742 2007 1797 verbis

404 1836 577 1908 Geographia
596 1835 742 1906 liispaniea
758 1833 874 1904 petentia
899 1833 950 1888 luit
967 1831 1002 1888 ab
1020 1830 1168 1889 Ambrosio
1219 1831 1356 1887 sententia
1377 1828 1423 1885 iila
1444 1847 1450 1884 :
1470 1830 1594 1888 Mellaria
1614 1834 1675 1890 urle
1701 1832 1839 1906 Hispania
1860 1835 1887 1888 ln
1902 1835 2007 1890 lloetica

368 1933 504 2002 iloraiio,
519 1930 652 1988 Floriano
673 1928 707 1985 de
732 1930 870 2000 Dcampo,
892 1926 1045 1992 Resendio,
1068 1925 1167 1990 Nonio,
1182 1932 1207 1993 Β
1221 1922 1252 1980 S.
1266 1921 1375 1981 Firmus
1387 1936 1494 1998 nrartgr,
1511 1937 1577 1995 etc,
1589 1942 1676 1999 usque
1690 1928 1723 1984 ad
1738 1943 1788 1985 sex
1804 1943 1915 1996 rcrsns;
1928 1944 2007 1999 qrrart

288 2042 295 2052 ·
373 2022 780 2094 Queredo,liariana,anita,
801 2021 1013 2088 Goes,llianea,
1031 2016 1169 2075 Deuthero
1221 2015 1306 2071 semel
1331 2015 1471 2073 dumtaxat
1489 2017 1572 2074 scribi
1596 2016 1700 2075 debuit.
1729 2018 1843 2090 insuper
1867 2035 1938 2074 atino
1960 2019 2007 2076 Do·

370 2125 399 2174 et
412 2117 472 2172 aliis
487 2115 547 2186 eius
562 2113 717 2185 argumenti
732 2112 904 2178 auetoribns;
928 2111 1069 2182 multoque
1090 2122 1170 2165 exae·
1220 2109 1287 2165 mini
1303 2110 1349 2176 86,
1368 2122 1426 2165 erat
1450 2113 1606 2167 intermixta
1622 2114 1753 2169 memoria
1773 2113 1803 2171 S.
1817 2112 1935 2169 Narcissi
1949 2113 2007 2170 Bra

371 2208 425 2265 tius
440 2223 454 2263 a
468 2206 631 2271 Ptolomaeo,
643 2205 793 2270 antonino,
805 2203 968 2272 Pomponio,
982 2203 1082 2265 Plinio,
1094 2201 1170 2257 Stra·
1220 2203 1343 2258 carensis
1354 2203 1486 2275 episcopi,
1503 2203 1641 2261 Gerunda
1655 2206 1755 2274 occisi,
1776 2207 1821 2275 qni
1846 2216 1936 2262 tamen
1957 2207 2007 2276 ipst

369 2300 453 2368 bone,
469 2298 596 2369 apptam
611 2297 809 2361 Alexandrino,
824 2294 937 2363 Selino,
952 2304 980 2350 et
994 2297 1035 2351 eis
1057 2291 1170 2366 nqoall-
1221 2294 1325 2350 Dextro
1340 2304 1409 2351 teste
1433 2305 1494 2364 post
1517 2296 1572 2355 suu
1594 2295 1652 2352 lere
1672 2312 1759 2353 arrnos
1776 2306 1888 2353 necatos
1910 2299 2006 2366 luit;e

370 2393 439 2459 bus,
455 2405 506 2448 nce
519 2388 664 2446 omittendi
678 2386 756 2444 inere
770 2387 902 2452 ortelius,
919 2387 1067 2455 llercator,
1081 2384 1168 2441 uitta·
1220 2386 1254 2441 de
1269 2386 1328 2456 ejus
1342 2388 1474 2461 trrartyrio
1489 2387 1585 2444 scribit
1597 2387 1632 2444 ad
1646 2405 1712 2444 ario.
1727 2389 2007 2457 dinannensium

370 2498 453 2549 nora,
468 2480 605 2547 lloletius,
622 2481 733 2546 lliilius,
747 2478 944 2545 Nebrissensis,
963 2478 1083 2546 Tarah'a,
1105 2477 1169 2534 Clu·
1221 2481 1267 2537 illa
1285 2483 1363 2553 prior
1385 2484 1502 2555 expungi
1522 2483 1626 2540 debuit.
1650 2485 1727 2540 bono
1750 2485 1802 2541 llo
1826 2485 1959 2556 agebatur
1981 2486 2007 2542 tlt

368 2576 436 2642 sius,
453 2584 481 2630 et
495 2573 665 2629 diversorum
682 2588 828 2641 regnorum
843 2572 927 2627 variae
940 2571 1074 2640 historiae,
1091 2570 1168 2626 utilu
1221 2572 1373 2646 Porplryrio
1399 2575 1581 2646 philosopho,
1616 2585 1644 2631 et
1667 2576 1848 2646 scriptoribus
1870 2591 1934 2633 eum
1962 2576 2007 2633 im·

370 2668 446 2723 hisce
460 2664 665 2721 commentariis
684 2664 874 2734 experimento
898 2662 979 2719 iacilc
1004 2663 1168 2736 comproba·
1222 2664 1418 2733 pugnantibus,
1444 2679 1505 2720 cnm
1536 2677 1626 2720 tanuen
1655 2664 1681 2720 id
1708 2668 1770 2722 anni
1797 2667 1850 2724 siu
1876 2666 2007 2738 proprium

367 2757 453 2814 bitur.
468 2757 541 2813 Sane
554 2756 636 2813 rebus
653 2756 749 2824 patrias
762 2771 820 2811 suar
837 2765 941 2811 tantam
959 2763 1058 2811 auctor
1074 2764 1169 2811 noster
1221 2765 1305 2821 esset,
1321 2764 1348 2813 et
1361 2756 1411 2826 ipsi
1426 2756 1580 2813 necessario
1597 2756 1806 2813 restituendum.
1821 2757 1937 2813 Nomina
1953 2773 2007 2829 pro

369 2849 459 2906 incenr
474 2848 562 2916 aliero,
588 2848 759 2921 singolorum
784 2857 934 2920 martyrum
958 2847 1040 2903 urbes
1060 2847 1170 2917 proprio
1221 2847 1278 2916 pria
1291 2846 1398 2904 urbium
1414 2857 1442 2904 et
1453 2863 1645 2919 personarum,
1661 2849 1684 2903 si
1699 2863 1758 2919 qnae
1772 2849 1872 2905 alicubi
1886 2858 2007 2921 corrupu

371 2950 470 2997 notans
494 2939 631 2995 nomine:
653 2939 810 3005 Doctorum,
836 2947 865 2994 et
888 2939 1097 3008 episcoporum,
1121 2937 1169 3008 oui
1220 2947 1308 3001 erant,
1332 2952 1365 2994 ex
1379 2937 1441 2995 aliis
1456 2937 1577 3008 ejusdcm
1596 2940 1717 2995 atrctcris
1741 2941 1920 3006 testimoniis,
1940 2950 1968 2997 et
1983 2955 2007 2997 er

372 3033 470 3104 priscis
483 3031 538 3089 illis
554 3031 722 3104 temporibus
736 3042 791 3088 tota
815 3032 945 3102 llispania
958 3031 1077 3088 lloruere
1092 3029 1170 3086 ilius·
1222 3030 1337 3085 lectione
1352 3031 1524 3100 sittianorum
1537 3030 1582 3101 qni
1598 3031 1632 3086 de
1645 3031 1680 3086 iis
1697 3041 1828 3101 tractant,
1852 3035 1950 3104 corrigi
1966 3034 2007 3091 de·

369 3132 426 3182 tres
440 3125 568 3195 ingerens
582 3124 739 3190 meritorius,
755 3139 770 3177 a
786 3124 885 3195 quibus
899 3123 1018 3194 denique
1034 3122 1169 3181 catholica
1221 3121 1305 3178 brrcre
1320 3141 1325 3177 :
1341 3122 1392 3178 alia
1409 3136 1474 3178 vero
1487 3139 1520 3178 ex
1535 3123 1760 3179 antecedentibus
1774 3134 1802 3179 et
1818 3125 2002 3194 consequenti

370 3216 438 3271 linies
454 3213 541 3285 initia,
566 3229 728 3286 progressus
747 3225 776 3272 ct
798 3225 943 3287 angnreuta
962 3217 1082 3286 ceperit,
1108 3229 1170 3287 que
1221 3216 1273 3270 bus
1287 3214 1367 3270 iaciie
1380 3213 1432 3270 luit
1445 3215 1608 3281 ernendare;
1624 3225 1652 3271 et
1675 3215 1851 3272 nibilominus
1864 3216 1954 3273 adbuc
1966 3230 2007 3271 snt

371 3309 453 3365 urbes
474 3309 677 3381 praecipuorum
694 3317 847 3380 martyrum
868 3309 1001 3381 sanguine
1023 3309 1206 3376 rubricatae
1223 3305 1307 3361 nitori
1327 3307 1425 3361 Dexter
1435 3308 1541 3362 restitui
1554 3322 1608 3361 non
1621 3307 1718 3373 ualuit,
1732 3325 1766 3364 co
1788 3309 1924 3379 precipue
1942 3322 2007 3378 quior

371 3396 499 3463 luerunt,
523 3413 619 3466 quare
634 3399 761 3453 conciliis
775 3414 935 3467 magnorum
958 3399 1070 3453 Patrum
1085 3397 1168 3454 eoho-
1224 3398 1302 3454 nobis
1322 3408 1429 3454 constet
1441 3398 1571 3454 notrnutla
1586 3399 1612 3453 in
1627 3414 1661 3453 co
1675 3399 1720 3469 qui
1731 3410 1832 3465 exstat,
1853 3398 2004 3456 desiderari

371 3497 502 3554 nestatae3
519 3489 565 3559 qui
584 3501 708 3556 errores,
724 3498 752 3544 et
771 3489 874 3545 abusus
886 3489 914 3544 in
937 3489 972 3546 iis
990 3489 1125 3557 damnati,
1143 3500 1171 3546 et
1220 3508 1282 3564 qun
1297 3491 1441 3547 manifesto
1454 3502 1612 3562 argumento
1623 3491 1735 3564 liqueta
1752 3495 1851 3550 Dextro
1866 3493 1956 3549 omitti
1970 3508 2007 3550 ne

371 3580 502 3638 eliminati
515 3598 522 3637 ι
535 3591 566 3637 ιιι
577 3580 640 3651 jore
652 3581 756 3653 optimo
769 3580 881 3655 llispani
896 3595 994 3638 omnes
1015 3591 1093 3637 tanto
1105 3595 1171 3638 auc·
1221 3585 1354 3655 quivisse.
1366 3584 1433 3652 Quis
1447 3585 1547 3640 etenim
1562 3584 1614 3641 sibi
1630 3586 1807 3656 persuadeat,
1826 3586 1855 3644 S.
1877 3585 2007 3643 Vincenti

370 3670 767 3744 toriplaudentesassnrgere,
783 3679 811 3727 el
827 3671 904 3742 (Deo
921 3669 986 3742 Opi.
1007 3672 1080 3727 liax.
1107 3686 1170 3743 grs-
1221 3677 1323 3735 Levitae
1349 3677 1586 3749 Caesaraugustam
1615 3679 1829 3736 illustrissimum
1857 3689 1916 3736 toto
1947 3680 2007 3736 orbt

369 3765 468 3821 liarum
483 3763 604 3835 primum
624 3762 781 3820 actionibus
800 3761 954 3820 decantatis
976 3778 1027 3836 pro
1039 3762 1169 3820 chronici
1221 3773 1407 3843 martyrinma
1422 3773 1522 3828 Dextro
1535 3772 1646 3829 silentio
1657 3774 1824 3830 involutant
1835 3774 1901 3842 Quis
1913 3785 2007 3832 salicta

371 3855 526 3914 istiusmodi
540 3854 719 3928 inventione)
735 3856 762 3910 in
777 3855 837 3928 ejus
849 3869 994 3911 occursum
1009 3855 1076 3912 illud
1092 3856 1169 3912 Cice·
1220 3865 1346 3937 virginis,
1364 3880 1396 3921 ae
1409 3866 1536 3938 martyris
1550 3865 1668 3923 Eulaliae
1682 3867 1904 3935 Barcinonensis,
1919 3870 2007 3940 panis

371 3947 450 4005 ronla
465 3948 516 4004 sibi
539 3963 680 4005 assumere
694 3956 805 4020 queant,
821 3948 869 4004 iib.
885 3963 895 4002 ι
909 3948 993 4005 acad.
1014 3958 1111 4020 quest·
1134 3949 1169 4005 tle
1220 3958 1305 4028 ipsius
1321 3959 1415 4014 Dextri
1428 3959 1600 4028 protectricis
1615 3961 1774 4017 memoriam
1792 3961 1826 4016 ab
1840 3961 1882 4017 iris
1904 3961 2007 4033 scripti

372 4039 408 4097 ii.
423 4040 546 4096 Varrone
563 4056 569 4094 :
584 4040 641 4095 Nor
664 4042 690 4096 in
713 4042 808 4097 nortria
831 4041 938 4097 orbibus
960 4043 1166 4114 peregrinantes,
1219 4049 1404 4104 ollnrimmmt
1418 4050 1484 4118 Quis
1506 4050 1663 4108 llarcellnrn
1679 4052 1862 4125 legionensem
1877 4055 2007 4111 centurio

369 4139 535 4204 errantesque
549 4142 679 4204 tamqnam
693 4133 817 4204 hospites,
838 4135 877 4188 tal
894 4133 956 4189 libri
972 4137 1048 4205 consi
1061 4136 1169 4191 domurn
1220 4156 1293 4208 nem,
1308 4152 1336 4197 et
1351 4142 1385 4196 ts
1395 4141 1454 4212 ejus
1468 4142 1537 4198 iiiios
1553 4151 1610 4199 tota
1625 4143 1753 4215 ilispania
1775 4145 1945 4213 notissimos,
1960 4163 2007 4204 not

370 4222 552 4279 recluserant:
567 4229 594 4278 ul
609 4239 741 4293 possemne
755 4223 915 4294 aliqnando,
933 4225 979 4295 qul
999 4235 1025 4281 et
1041 4226 1085 4280 uli
1098 4242 1162 4282 ease·
1220 4230 1348 4288 babuisse
1371 4230 1397 4286 in
1422 4233 1464 4288 bis
1478 4233 1625 4290 clirontcts
1648 4237 1737 4290 iocum
1757 4238 1930 4308 suspicetur?
1947 4255 2007 4309 prce

370 4331 604 4390 memnonem.
629 4315 669 4371 Ta
690 4327 791 4373 ntalem
814 4318 917 4389 patrie,
939 4328 966 4372 ta
981 4317 1168 4389 descriptiones
1220 4327 1316 4381 sertim
1341 4339 1402 4380 cum
1425 4327 1495 4395 apud
1520 4323 1607 4381 Clcm.
1633 4327 1809 4385 Prudentium
1835 4331 1931 4401 legerit
1956 4332 2007 4402 ipsc

369 4416 531 4480 ternporttm5
547 4418 575 4463 tu
589 4424 723 4464 tonnam
732 4410 808 4480 juro,
825 4419 853 4464 tn
867 4409 1050 4476 mcentornm,·
1071 4419 1099 4466 ιιι
1119 4412 1168 4468 do-
1220 4417 1350 4489 ttgmrmm
1372 4418 1398 4472 in
1421 4417 1530 4473 iaudent
1553 4418 1602 4476 SS.
1627 4419 1780 4488 Enrltlrerii,
1808 4430 1838 4477 el
1858 4421 2005 4479 Chelidoni

369 4499 512 4568 metricam,
528 4497 1166 4572 tobellicomdisciplincm‚·incedentregionum,
1219 4518 1371 4581 martyrum
1405 4507 1693 4578 Calagurritanorum,
1735 4513 1851 4568 liliorum
1889 4513 2007 4584 ejusden

367 4598 397 4645 ιιι
413 4589 548 4656 locorum
568 4598 596 4645 ιιι
618 4591 733 4646 omniunt
751 4591 917 4661 divinarent,
941 4593 1166 4666 lrurncnuranrqrte
1219 4596 1247 4654 S.
1275 4597 1420 4654 Marcelli:
1442 4607 1471 4653 ut
1485 4599 1593 4655 interim
1610 4605 1644 4657 tle
1659 4602 1720 4658 aliis
1742 4605 1879 4661 nonnullis
1894 4613 2007 4673 taccam

368 4695 457 4735 reram
470 4684 586 4747 namma,
602 4683 703 4754 officia,
728 4699 821 4739 causas
842 4684 979 4754 aperuisti.
1001 4685 1041 4742 lta
1054 4702 1167 4758 prorsus
1179 4687 1207 4750 D
1219 4698 1249 4746 nl
1263 4688 1341 4745 Zoilo
1355 4705 1417 4745 curn
1431 4690 1513 4747 sociis
1532 4692 1578 4760 lu,
1602 4692 1732 4750 Gerontio
1756 4695 1855 4752 italice
1869 4697 2003 4770 episeopo

366 4772 447 4830 nobis
469 4773 562 4831 Dextri
591 4776 725 4833 beneilciu
749 4777 884 4835 accidisse
905 4787 1078 4850 compertum
1101 4790 1166 4839 cst:
1219 4782 1320 4838 Ecasio
1332 4783 1496 4851 casselensi,
1514 4784 1696 4856 llermogene,
1712 4796 1740 4843 et
1756 4787 1869 4850 Donato.
1886 4788 1965 4861 Lupo
1988 4806 2005 4846 c

297 4932 301 4937 ,
367 4859 450 4918 urbes
462 4861 535 4917 enim
555 4872 583 4920 et
606 4867 707 4935 oppida
733 4866 870 4936 llispaniae
884 4869 963 4938 quasi
991 4869 1114 4941 hospites
1139 4882 1168 4930 et
1218 4876 1340 4941 Aurelia,
1359 4877 1473 4949 cyriaco
1486 4884 1514 4931 el
1533 4876 1627 4944 Paula,
1639 4880 1770 4936 sandalio
1789 4882 2005 4949 Cordubensi,e

366 4954 502 5025 peregrini
517 4952 718 5022 incolebamus,
731 4955 795 5026 quid
814 4957 879 5012 olim
892 4957 999 5031 insigne
1017 4962 1046 5018 in
1063 4964 1104 5019 eis
1118 4978 1164 5020 ac·
1218 4967 1353 5024 Dalmatio
1367 4969 1549 5037 Gerundcnsi,
1573 4987 1687 5043 quorum
1710 4976 1833 5032 nonnulli
1858 4975 1951 5032 iorsan
1981 4993 2007 5034 ιιι

363 5043 463 5100 eiderit
478 5046 654 5114 ignorantes,
669 5061 738 5118 quos
752 5061 935 5117 praecessores
950 5049 1017 5107 inibi
1031 5050 1163 5124 insignes,
1218 5059 1277 5130 eius
1294 5062 1417 5117 notitiam
1433 5075 1487 5116 ιιοιι
1502 5076 1665 5133 pervenere.
1679 5065 1714 5120 Et
1727 5067 1792 5136 quiid
1807 5068 1877 5124 nitra
1900 5084 2007 5141 pregre·

366 5148 439 5206 qnos
453 5146 601 5209 martyres,
617 5152 686 5210 quos
701 5139 848 5205 orttistitcs,
865 5155 933 5211 qtros
951 5141 1080 5201 doctores
1094 5146 1165 5214 pris·
1216 5152 1327 5206 dirnur?
1340 5149 1421 5206 Certe
1438 5150 1558 5210 laborem
1579 5156 1606 5212 in
1625 5157 1666 5210 liis
1680 5158 1822 5215 Cirronieis
1842 5159 2007 5217 illustrandi

363 5227 406 5284 eis
420 5229 589 5298 temporibus
612 5244 653 5286 ece
670 5230 754 5287 urbes
777 5232 954 5302 pepererint,
972 5249 1022 5291 nos
1037 5236 1162 5296 latebat:
1214 5256 1230 5297 a
1246 5239 1327 5297 nobis
1343 5241 1504 5312 praestitum,
1520 5255 1548 5300 ct
1560 5247 1718 5305 eorumdem
1736 5249 1922 5308 incredibilem
1934 5254 2007 5311 utili·

363 5333 436 5374 nunc
449 5334 515 5376 tero
527 5323 659 5379 tutelares
670 5338 794 5395 magnos,
812 5335 943 5396 patronos
955 5328 1083 5400 eximios,
1095 5347 1162 5388 con·
1215 5342 1317 5399 tatem,
1343 5332 1459 5390 lectione
1480 5337 1537 5392 sola
1560 5337 1678 5395 lectores
1697 5341 1749 5398 mei
1773 5351 1901 5413 putcrunl
1913 5342 2007 5415 depre·

363 5408 440 5465 cives
454 5410 573 5481 nobiles,
588 5413 683 5471 dulces
696 5415 805 5486 iratres,
824 5417 1015 5490 Dextroduce,
1031 5421 1160 5494 deinceps
1213 5425 1347 5482 bendere.
1364 5427 1477 5498 Legunt,
1496 5445 1608 5499 quaeso,
1633 5441 1661 5488 ct
1685 5450 1783 5505 magno
1808 5436 1939 5494 Ecclesiae
1966 5440 2007 5496 De

360 5515 552 5574 agnoscemus,
563 5505 762 5575 reverebimur,
780 5509 1035 5583 solemnizabimus,
1056 5524 1083 5571 et
1094 5515 1160 5585 ipsis
1214 5515 1296 5586 bono,
1313 5518 1443 5576 Dextrum
1457 5520 1484 5576 in
1501 5523 1597 5593 volgus
1610 5523 1686 5582 exire
1698 5538 1876 5600 cognoscant.
