4192 6434
230 335 284 398 957
755 332 995 394 lltsraltltlttlll
1014 333 1117 396 trualt
1137 334 1170 393 V.
1191 331 1268 392 cte.
1288 333 1370 393 xlii.
1826 343 1880 404 958

230 453 284 519 lus,
304 449 392 507 seruis
416 447 614 513 adnitentibus,
637 454 752 504 matrem
776 462 852 504 suana
877 449 1023 507 interfecit.
1038 454 1065 513 Α
1078 451 1250 522 spiraverunt
1263 449 1400 507 lletellnm
1424 448 1594 509 Numidicum
1614 453 1641 508 in
1668 452 1795 510 exsilium
1808 471 1877 527 qua·

230 546 378 601 liamnatus
394 542 545 617 parricidii,
566 542 588 575 ⁸¹
602 543 761 615 insutusque
776 544 802 598 in
820 543 937 600 culleum
953 553 980 599 et
1001 544 1028 600 in
1080 558 1196 614 curatque
1220 544 1245 599 ai
1269 544 1388 615 agere.¹
1415 543 1463 600 bic
1482 544 1565 611 tlictn,
1595 560 1609 600 a
1633 546 1781 616 suppositis
1804 551 1878 617 ejus·

230 654 306 696 mare
324 637 540 709 projectusest:
563 636 797 708 impleveruntque
817 634 931 691 bomani
951 635 972 666 ¹¹
1001 644 1029 691 et
1079 635 1141 691 ιΙιιιι
1170 634 1292 691 factionis
1317 634 1453 706 judicibus
1477 652 1526 710 per
1550 638 1642 695 scelus
1664 639 1797 696 innocens
1817 641 1875 698 lle-

229 731 380 793 facioas-et
401 745 520 801 poerraon,
538 726 1029 785 ¹¹trudectSolouAtbcnieosisdc·
1080 728 1159 782 tellus
1183 727 1345 795 damnatos,
1371 727 1398 783 lo
1432 728 1558 784 exsilium
1592 744 1654 786 cara
1684 731 1766 788 totius
1796 731 1876 791 Urbis

229 836 344 878 cernere
364 816 785 885 nnnaususlucrat,dum'lieri
803 832 1029 890 posscooocrc·
1079 821 1160 894 333
1193 821 1287 878 dolore
1313 819 1448 878 discessit.
1473 825 1484 855 ¹
1508 819 1580 878 laem
1612 824 1870 883 Saturninusllem-

229 913 298 969 didit
315 931 322 968 :
338 923 366 968 ct
386 911 511 978 bostanni,
535 911 581 983 qui
600 926 630 965 se
648 919 724 966 ortos
743 927 758 965 a
779 910 895 967 Rorrtulo
915 910 1027 979 scireut,

228 1006 311 1063 ctiam
333 1002 386 1060 bne
405 1002 463 1060 aeri
479 1017 560 1076 posse
576 1002 770 1076 intelligentes,
793 1004 956 1077 supplicium
971 1004 1028 1061 sin·

228 1098 324 1170 gulare
338 1104 505 1153 sanxerunt.

476 1232 558 1306 3³2
572 1231 687 1291 clear
709 1232 793 1290 sart.

228 1348 270 1407 De
289 1350 388 1423 inperiti
411 1349 500 1405 Restare
519 1350 656 1417 reditione,
675 1350 824 1407 asertoribus
847 1350 877 1405 l..
898 1352 1027 1425 Appuleia

341 1420 500 1491 Saturnino,
516 1420 546 1476 C.
563 1421 662 1490 llario,
678 1424 827 1495 caterisque
842 1432 910 1478 arta.

265 1557 274 1592 ¹
287 1559 366 1615 Anno
378 1558 414 1614 ab
430 1558 503 1616 Urbe
515 1558 624 1615 condita
635 1575 733 1631 ocrea,
751 1559 988 1631 post-Cimbricum
999 1572 1027 1620 ιι

227 1645 407 1711 Teutonicum
423 1652 536 1721 bellom,
552 1668 579 1709 et
597 1655 721 1725 quintum
744 1653 820 1711 ilarii
843 1657 1024 1722 consulatum,

227 1760 281 1817 qao
297 1754 383 1801 status
398 1745 503 1817 imperii
520 1744 634 1801 Romani
653 1745 716 1817 jure
729 1756 907 1816 errrrseraatus
918 1746 1024 1818 iudica·

1080 914 1163 970 rtrirnn
1189 914 1276 970 rirurn
1303 928 1393 971 acrem
1414 923 1443 971 et
1465 916 1612 988 integrum,
1645 918 1703 974 beri
1733 921 1872 979 coosttlero

1079 1007 1186 1074 timens,
1200 1014 1258 1061 orta
1272 1005 1363 1061 subito
1377 1005 1510 1063 seditione
1519 1007 1664 1080 fugientem
1677 1014 1744 1080 per¹
1759 1011 1789 1068 P.
1804 1013 1872 1069 blet-

1078 1098 1147 1154 tium
1162 1098 1305 1155 satellitem
1319 1097 1433 1163 informi
1451 1098 1546 1172 stipite
1570 1100 1768 1158 comminutum
1790 1104 1876 1161 ioter·

1078 1191 1151 1248 lecit.
1173 1191 1317 1248 Premente
1335 1206 1385 1262 pro
1399 1191 1482 1248 tantis
1496 1192 1654 1264 reipublice
1676 1194 1756 1251 unalis
1780 1204 1876 1254 sertata

1078 1284 1229 1357 populoque
1242 1283 1376 1352 bernano,
1387 1284 1487 1340 ilarius
1500 1284 1607 1355 conssul,
1619 1285 1825 1346 accommodato
1838 1286 1872 1346 ad

1078 1388 1184 1449 tenipus
1198 1377 1318 1449 ingenio,
1330 1378 1474 1433 consensui
1485 1378 1618 1435 bonoram
1633 1393 1694 1437 sese
1710 1373 1871 1452 immiscuit,

1077 1478 1294 1539 commotamque
1308 1469 1414 1538 plebem
1429 1469 1483 1525 leui
1496 1470 1620 1526 oratioue
1643 1472 1757 1528 sedarit.
1773 1471 1871 1530 Satrrr·
1970 1513 1973 1522 .

1077 1564 1157 1620 rrious
1172 1564 1195 1597 ¹¹
1217 1562 1363 1619 infamibus
1377 1564 1451 1619 ausis
1464 1564 1625 1621 concionem
1652 1565 1726 1620 dattti
1751 1582 1809 1622 suae
1825 1566 1874 1622 ba·

1077 1654 1145 1720 buit,
1166 1655 1259 1726 ibique
1286 1656 1320 1709 alr
1346 1655 1407 1710 aliis
1430 1670 1496 1719 rex,
1516 1656 1551 1711 ab
1575 1656 1638 1712 aliis
1660 1657 1808 1729 imperator
1831 1666 1875 1715 cst

1076 1748 1237 1819 appellatus.
1268 1746 1379 1814 ilarius,
1407 1746 1594 1817 manipulatim
1619 1748 1698 1817 plebe
1724 1749 1873 1821 descripta,

227 1843 282 1909 ιιιι,
297 1847 375 1893 sexto
388 1836 534 1892 cennsalatu
549 1836 671 1908 ejusdem
685 1837 717 1894 C.
734 1837 811 1894 ilarii
826 1839 862 1895 ita
879 1839 1025 1895 labefacta·
1041 1838 1065 1898 lt
1079 1840 1099 1871 ¹¹
1116 1841 1232 1894 alterum
1257 1838 1398 1895 consulem
1412 1854 1473 1894 cunt
1497 1839 1630 1908 presidiis
1644 1840 1671 1895 io
1688 1844 1759 1896 colle
1777 1843 1872 1913 dispo·

227 1935 270 1986 las
284 1938 336 1997 est,
357 1938 388 1985 ut
403 1944 472 2000 pene
488 1929 620 2001 usquead
635 1940 787 1988 extremum
803 1931 930 1987 intestina
946 1931 1025 1987 clade

226 2021 387 2078 conciderit.
409 2020 543 2078 Laolrere
561 2036 593 2076 ae
614 2037 773 2094 percurrere
793 2021 860 2078 mibi
875 2022 1025 2079 discordia-

227 2129 288 2168 ruon
305 2113 432 2185 arrrlmges
443 2122 471 2169 et
482 2112 686 2170 inextricabiles
699 2113 862 2169 seditionum
876 2127 972 2170 causas
984 2114 1025 2170 in-

225 2207 397 2262 cnmomdmu
413 2207 495 2263 simiai
510 2222 543 2263 ac
559 2207 669 2280 leugam
683 2207 810 2263 ridetur:
826 2222 891 2264 saue
906 2207 1025 2265 breviter

226 2297 369 2355 strinxisse
382 2297 499 2354 sufficiat
514 2297 587 2369 qaod
604 2297 707 2368 prioms
721 2299 753 2355 L.
769 2297 917 2372 Appuleius
930 2299 1025 2356 Satur-

227 2394 307 2449 nious
320 2391 428 2448 excitati
446 2392 577 2448 tumultus
591 2400 686 2449 auclrrr
701 2392 851 2461 exstiterit,
864 2392 898 2461 Q.
917 2391 1024 2448 bletelio

225 2484 378 2553 Nurttidiro,
401 2486 462 2541 uiro
481 2501 547 2543 sanc
561 2486 701 2558 primario,
724 2488 873 2542 acerrimus
887 2485 1022 2553 irrioticua,

226 2578 237 2611 ¹
251 2578 371 2650 quicum
386 2593 529 2634 censorem
544 2590 665 2634 creatum
689 2585 855 2650 protractum
871 2577 962 2649 domo,
985 2586 1026 2633 at·

225 2685 279 2743 quc
296 2670 323 2725 io
336 2669 499 2736 Capitolium
516 2670 526 2702 ⁸
544 2670 758 2742 cartilagieutem,
781 2679 884 2726 orutata
904 2672 1025 2728 ttiultita·

225 2753 289 2818 dine
311 2762 429 2829 obsedit,
451 2761 521 2819 unde
544 2762 664 2833 equitnm
690 2763 876 2820 llomauorum
904 2764 1026 2835 indigna·

1077 1930 1142 1997 suit,
1157 1930 1215 2001 ipse
1228 1939 1321 2002 portas
1331 1930 1519 1986 communiuit.
1534 1931 1561 1985 lo
1577 1933 1636 1987 foro
1652 1934 1772 2003 praeliant
1793 1950 1869 1991 carn·

1077 2022 1191 2077 missum
1206 2029 1258 2076 est.
1282 2019 1476 2076 Saturoittusa
1499 2022 1628 2077 Marianis
1651 2026 1711 2079 loro
1725 2024 1830 2094 pulsus,
1847 2027 1874 2081 in

1075 2112 1239 2183 Capitolium
1255 2112 1387 2184 coolirgit.
1415 2113 1436 2148 ¹¹
1461 2111 1562 2168 Maurius
1584 2112 1697 2177 listulas,
1720 2118 1818 2187 quibus
1841 2132 1875 2173 co

1076 2219 1143 2276 aqua
1159 2203 1355 2274 deducebatur,
1372 2205 1478 2262 incidit.
1493 2205 1599 2264 bellum
1621 2207 1722 2265 deiude
1749 2209 1776 2266 ia
1798 2211 1874 2267 aditu

1077 2294 1204 2367 Capitolii
1220 2296 1362 2351 borridum
1387 2298 1559 2353 satisaetum
1575 2310 1629 2365 est,
1652 2300 1731 2359 multi
1756 2301 1779 2334 ¹¹
1801 2304 1873 2358 eirca

1076 2386 1214 2442 Saufeium
1240 2395 1268 2442 et
1287 2388 1463 2443 Saturninum
1486 2389 1562 2445 cresi.
1584 2390 1760 2460 Satrrroious,
1784 2393 1872 2463 palam

1075 2475 1230 2544 clamitans,
1245 2478 1358 2535 Maritum
1373 2486 1514 2536 auctorem
1533 2495 1597 2536 esse
1611 2483 1733 2538 omoium
1754 2485 1874 2540 molitio-

1075 2585 1139 2627 oaot
1154 2586 1267 2627 suarum
1295 2576 1462 2628 cotelestatus
1476 2582 1527 2628 est.
1542 2574 1611 2629 Cum
1632 2584 1723 2631 autem
1750 2577 1807 2648 ipse
1820 2579 1871 2635 Sa·

1077 2662 1202 2720 turnines
1215 2670 1244 2720 et
1267 2663 1394 2721 Saufeius
1417 2675 1445 2721 ct
1465 2665 1616 2735 Labienus,
1645 2678 1759 2738 cogente
1776 2671 1871 2738 llario,

1077 2752 1100 2790 ¹¹
1116 2757 1143 2812 in
1168 2756 1271 2812 curiam
1298 2758 1496 2830 confugissent,
1520 2775 1568 2830 per
1594 2761 1699 2833 equites
1722 2760 1871 2831 Romanos,

226 2855 438 2926 tinnedejectus
458 2868 510 2921 est,
535 2856 648 2927 plurima
668 2857 930 2929 antecepitnlium¹
949 2857 1025 2915 eaede
1076 2849 1196 2907 effractis
1217 2850 1330 2918 ioriitus,
1350 2851 1436 2908 occisi
1455 2862 1528 2908 sual.
1544 2852 1576 2909 C.
1593 2852 1705 2911 Glauein
1731 2865 1872 2915 extractus

225 2944 306 3003 faeta.
324 2946 334 2979 ¹
355 2946 389 3002 A.
411 2948 524 3003 Norrinm
550 2948 672 3015 dolatile,
699 2951 906 3021 competitorem
934 2965 1023 3022 suuni,
1076 2943 1127 3001 ¹'e
1142 2943 1222 3000 domo
1234 2942 1353 3009 Claudii,
1367 2943 1581 3001 trucidatoscst.
1594 2946 1872 3019 “muneraturus

225 3037 389 3094 Saturninus
400 3046 428 3094 et
446 3038 557 3095 Glaucia
572 3039 666 3097 froude
678 3039 709 3096 G.
725 3040 803 3097 ilarii
817 3042 936 3098 consulis
951 3042 1025 3097 occi·
1076 3036 1173 3107 plebis,
1188 3036 1258 3093 bona
1273 3036 1395 3094 amnium
1412 3035 1574 3108 publicanda
1589 3038 1721 3097 decreuit.
1748 3039 1798 3100 Cri.
1815 3042 1871 3098 llo·

225 3131 333 3187 derunt.
350 3132 539 3206 Subsequente
551 3149 622 3189 antro
635 3134 737 3191 ilarius
752 3143 858 3191 sextum
874 3136 981 3202 consul,
996 3142 1025 3191 et
1076 3127 1185 3199 labella,
1202 3131 1344 3186 Saturnini
1365 3129 1458 3198 frater,
1483 3146 1537 3203 per
1553 3131 1640 3187 forum
1664 3132 1802 3191 olitorium
1827 3136 1871 3191 fu·

225 3229 336 3288 Glaucia
353 3239 465 3304 praetor,
479 3242 507 3290 et
523 3232 689 3291 Saturninus
703 3232 947 3304 ‘tribunusplebis
962 3223 1067 3313 con-L
1083 3228 1170 3299 gieos,
1186 3239 1248 3282 cum
1272 3223 1305 3280 L.
1330 3223 1358 3257 ¹⁷·
1377 3223 1498 3296 Geganio
1518 3224 1676 3284 interfectus
1701 3237 1755 3285 cst.
1777 3228 1872 3298 lta-pue

868 3343 1096 3405 ltslattctllll’l
1117 3340 1232 3401 NOTAE.

259 3438 305 3494 la.
330 3436 488 3511 insutusque
501 3441 529 3495 in
542 3441 664 3496 culleum.
682 3440 719 3497 lte
734 3442 784 3497 bac
803 3456 883 3513 pmoo
906 3440 1019 3509 parrici-
1075 3439 1102 3495 io
1117 3436 1176 3510 ejus
1195 3436 1282 3508 legent
1296 3435 1430 3507 agrariam
1443 3437 1538 3510 jurare
1553 3438 1698 3497 noluisset.
1720 3438 1807 3499 Cicer.
1822 3458 1872 3512 pru

223 3508 319 3566 darum
333 3508 501 3567 Modestinus
514 3526 540 3568 e.
555 3513 582 3568 a.
600 3513 632 3567 lt.
646 3513 680 3569 de
696 3511 755 3584 lege
769 3512 894 3584 Prtrrrpria
911 3513 945 3569 de
960 3527 1021 3583 par·
1073 3511 1150 3566 Sert.
1166 3507 1225 3565 Lir.
1242 3507 1291 3563 lib.
1314 3524 1392 3579 erar,
1414 3510 1564 3581 epplenus,
1586 3511 1747 3570 l'lutarclrus
1762 3522 1790 3570 ct
1811 3513 1869 3570 alil.

223 3579 338 3637 tlcldiis.
352 3579 475 3637 biemioit
489 3582 588 3639 Cicero
601 3598 650 3654 pro
664 3584 767 3640 Roscio
779 3581 921 3641 Amerino.
937 3583 1019 3640 itae.
1073 3579 1156 3637 Fran.

260 3652 306 3708 tl.
328 3650 363 3706 Ει
378 3654 478 3723 [acinus
491 3664 515 3709 ct
532 3672 644 3728 poeuam.
666 3658 732 3710 Catu
754 3655 975 3723 coojttnctionem
993 3664 1022 3711 et
1109 3653 1137 3707 8.
1155 3650 1229 3709 idere
1253 3649 1423 3709 Salutatinut.
1440 3654 1526 3729 bugd.
1549 3653 1610 3711 ilat.
1639 3669 1681 3727 pr.
1699 3655 1762 3712 iuda
1774 3654 1870 3712 Salrrr.

224 3729 342 3794 utruque
357 3726 417 3779 loco
429 3734 529 3795 ponant
547 3741 613 3781 nrss.
626 3741 686 3781 eam
699 3737 794 3783 cotrtra
809 3725 901 3797 atalgg.
917 3727 1019 3795 recepi.
1075 3724 1162 3777 uineas.

259 3795 305 3849 ii.
325 3793 400 3850 Urrde
421 3805 445 3851 et
459 3796 553 3852 Salon.
573 3800 677 3856 Sensus
692 3807 745 3865 est,
767 3798 947 3869 impleuerant
968 3797 1022 3852 lio·
1109 3794 1136 3850 9.
1152 3794 1185 3848 Ρ.
1200 3793 1328 3848 ifettinm.
1342 3794 1369 3850 lt,
1381 3793 1431 3851 lroe
1445 3796 1556 3853 nominc
1566 3795 1747 3853 describendo
1758 3808 1869 3854 sectatus

224 3865 296 3921 mani
308 3865 476 3922 etfaclnosct
487 3881 594 3938 poeuato
603 3869 662 3924 e'as
673 3870 725 3934 rei,
736 3869 771 3927 de
781 3884 832 3939 qna
844 3868 939 3929 Salon.
952 3876 1020 3936 etc.,·
1073 3879 1132 3921 sttttt
1148 3866 1279 3936 optimum
1296 3866 1395 3919 librom
1409 3865 1473 3923 Cor.
1485 3867 1634 3931 Garaltbcri.
1648 3865 1732 3922 Facu.
1747 3896 1783 3908 -
1796 3868 1824 3923 Ρι
1833 3870 1869 3923 ri·

225 3936 294 3992 unde
307 3948 329 3991 at
345 3936 428 3993 Salso
443 3938 575 3994 l'lorentt.
591 3949 672 3995 trium
692 3940 862 4010 aliorumque
878 3940 1020 3995 meliorum
1073 3951 1135 3991 zon.
1151 3943 1178 3992 cl
1188 3934 1272 4002 ilaus,
1283 3933 1314 3989 Ρ.
1334 3931 1452 3992 aeriam.
1467 3938 1551 4011 Lugd.
1567 3937 1651 4006 Bait„
1667 3937 1790 3993 Publium
1802 3938 1870 3995 Vec-

225 4007 306 4063 codrl.
322 4020 364 4063 est
378 4012 522 4077 scriptura,
539 4025 600 4065 uam
614 4012 772 4081 cottjunrtio
783 4020 811 4066 et
825 4014 850 4065 iu
862 4012 953 4082 aulgg.
965 4025 1020 4066 non
1072 4009 1164 4063 tolum.

224 4090 373 4149 comparet.
396 4080 481 4151 Lugd.
499 4083 557 4135 llnt.
573 4097 643 4150 seu,
667 4084 735 4137 uude
750 4083 798 4137 bac
812 4088 836 4136 ct
857 4081 959 4148 Salam·
974 4082 1019 4139 ιιΙ.
1109 4080 1152 4136 lb.
1169 4078 1314 4148 basanribus
1326 4081 1407 4135 auris.
1419 4079 1456 4137 lta
1472 4094 1536 4137 rrtss.
1548 4096 1600 4136 non
1613 4079 1758 4136 ausibrasut
1770 4079 1866 4153 Vttlgg.

223 4150 264 4203 Aa
286 4190 308 4216 .,
322 4151 391 4207 uttrle
405 4159 428 4208 et
443 4154 492 4206 ftnc
514 4150 608 4208 Safon.
623 4154 690 4209 Aliae
707 4161 773 4210 vett.
800 4153 857 4222 ιιΙ.,
874 4152 905 4208 de
924 4169 974 4225 quo
993 4171 1021 4209 rr.
1109 4150 1152 4205 ll.
1169 4150 1286 4206 Alterum
1300 4151 1441 4206 corrrufrm.
1454 4151 1485 4207 L.
1502 4151 1638 4209 vallerium
1652 4149 1789 4209 Flaccum.
1800 4151 1868 4208 Nam

224 4219 245 4275 S
275 4237 319 4288 oa,
355 4223 741 4294 trangressaestrnetsnnrte.
788 4286 792 4294 ¹
1071 4218 1103 4276 C.
1119 4221 1212 4288 tlarm,
1226 4221 1256 4277 L.
1269 4221 1597 4288 Valeriocoss.,seoalus
1609 4223 1705 4293 [leaup.
1720 4221 1869 4279 defenden-

259 4292 323 4349 Car.
369 4293 422 4349 llll.
439 4325 474 4335 -
490 4295 515 4349 l.
530 4296 606 4352 Aona
620 4312 714 4354 acret.
738 4297 836 4354 Sextus
856 4295 933 4352 blaril
955 4311 1020 4351 aon·
1071 4292 1134 4347 dam
1147 4294 1270 4359 dederat,
1285 4292 1383 4351 Cicero
1397 4294 1479 4350 Catil.
1495 4309 1515 4364 t,
1527 4295 1628 4364 Pisilip.
1646 4308 1704 4349 atat.
1718 4294 1773 4350 Sed
1784 4294 1866 4349 bistn·

222 4361 327 4489 isumus
354 4381 387 4422 er
409 4365 471 4421 aliis
488 4366 642 4426 Annalibus
664 4369 737 4426 cadit
760 4370 786 4425 io
808 4383 907 4423 antrum
928 4382 1019 4426 acutat.
1071 4363 1141 4488 iim
1158 4363 1306 4490 plenioFrem
1322 4363 1382 4437 lege
1405 4363 1522 4436 irrorat.
1548 4379 1598 4437 pra
1612 4363 1728 4421 Rabirio
1743 4364 1869 4436 perdar-l·

245 4449 307 4490 ιιιι.
1091 4449 1220 4490 oorsreo.
1259 4451 1320 4491 ass.

258 4503 285 4561 Ξ.
305 4507 356 4578 eri
376 4524 435 4564 eam
449 4524 589 4566 tentarem.
606 4509 638 4580 Q.
655 4510 781 4567 Metellus
801 4524 911 4578 censor,
935 4510 1021 4568 ilario
1108 4505 1152 4561 ta.
1168 4505 1389 4576 irrumpuntur.
1403 4504 1502 4562 Cicero
1518 4523 1525 4559 z
1542 4503 1643 4561 Marius
1654 4504 1868 4578 fistulas,quilme

221 4589 239 4632 ι
252 4578 376 4644 constris,
392 4580 568 4636 Saturninum
580 4581 765 4637 'iribtlnirium
778 4582 892 4644 noemia,
910 4594 1021 4653 tumque
1071 4592 1140 4643 “itm
1152 4576 1366 4651 tllpuediwiflltr
1379 4574 1451 4632 lolii
1466 4576 1529 4648 Oti!-
1548 4575 1621 4631 ΠΜ·
1641 4575 1743 4645 fettlllil'i
1753 4593 1785 4631 (ιθ
1798 4577 1868 4632 aedi-

222 4650 436 4707 antultitadioe
451 4653 560 4708 incitata
576 4653 751 4710 corrrornetiis
769 4652 881 4709 alieetus
897 4651 956 4719 init,
973 4652 1019 4709 L'i·
1072 4646 1135 4714 ⁶¹1⁸»
1176 4649 1266 4703 faetidi
1288 4649 1429 4719 imiimi·
1459 4646 1639 4716 P¹U¹¹¹¹¹¹²¹¹s
1666 4650 1868 4723 subripiente

221 4721 287 4777 cero
307 4735 357 4791 pra
377 4720 483 4793 Sextia,
499 4723 624 4781 Valerius
644 4723 692 4782 lib.
706 4739 745 4793 tx,
756 4739 816 4797 cap.
832 4723 860 4790 7,
879 4724 1019 4797 Appianas
1032 4749 1059 4812 D
1072 4720 1150 4775 ἀπὶκο
1172 4741 1208 4775 ιν.
1226 4718 1307 4775 Fata·

221 4785 272 4847 llb.
284 4805 304 4847 ι.
317 4791 400 4852 rann.

256 4861 285 4919 3.
301 4862 507 4940 confugientem.
522 4866 589 4926 diss.
611 4875 641 4925 ct
657 4866 722 4925 edu.
755 4867 847 4924 uideat
867 4866 1017 4942 [aspiratam.

255 4931 285 4989 4.
297 4935 374 4993 dade
386 4941 467 5010 facta.
479 4939 565 5010 Lugd.
581 4953 638 4996 sec.
651 4948 680 4997 et
697 4881 775 5008 teri..
791 4953 852 4996 curn
866 4937 936 4997 call.
949 4937 1018 4996 Gro-

220 5019 298 5073 uom,
312 5009 395 5064 caeder
409 5021 480 5077 acta,
495 5008 690 5083 subintellecto
704 5019 753 5067 ert.

257 5077 324 5134 lid
347 5077 476 5138 Nautium.
499 5080 538 5137 lta
557 5082 663 5152 scripsi.
687 5097 749 5138 cum
773 5081 800 5137 io
822 5080 1017 5152 manuscriptis

240 5145 383 5207 albusdam
400 5154 556 5218 Aranauiam,
580 5153 606 5207 in
630 5152 692 5209 aliis
714 5152 846 5216 Ananiam
870 5152 894 5207 le
913 5161 1014 5209 cretur.

219 5161 287 5275 iam
302 5222 441 5293 Appianas
465 5225 536 5281 bunc
554 5226 646 5283 Νώνιον
666 5233 756 5293 uocat,
779 5232 807 5281 et
826 5225 852 5280 in
875 5166 1016 5279 Pituarcbi

219 5289 306 5348 linrio
324 5295 338 5352 i
359 5300 439 5353 ὀοιοο
453 5294 535 5371 pisae
559 5310 609 5367 pro
630 5296 744 5354 iussim
758 5295 890 5352 mendose
904 5295 1014 5367 legitur.

219 5358 354 5435 Corrupto
377 5368 459 5424 ctiam
474 5367 545 5437 apud
567 5367 678 5426 Florum
696 5367 744 5423 lib.
765 5382 804 5434 at,
827 5382 888 5437 cap.
911 5367 955 5434 la,
972 5374 1015 5422 cst

218 5432 315 5501 Auula,
338 5453 392 5493 nna
417 5438 507 5494 littera
530 5438 642 5506 omissa,
660 5453 721 5496 cunt
748 5440 783 5494 sit
803 5437 957 5510 legendum,
981 5438 1013 5491 A.

219 5501 320 5563 Nauio.
338 5507 421 5565 Fauo.
436 5540 472 5549 —
485 5508 597 5565 Anteium
611 5512 654 5566 laic
668 5526 775 5582 quoquc
788 5508 869 5567 habet
887 5507 1013 5566 Peritos.

218 5576 317 5651 reliqui
330 5579 463 5636 Ananiam
478 5581 521 5637 rel
533 5582 691 5638 Anuaniam.

252 5649 281 5707 d.
299 5649 428 5705 Triarium
443 5652 521 5723 plebi.
537 5649 574 5706 lta
589 5652 684 5707 Calon.
698 5658 724 5706 et
739 5666 793 5707 nou
807 5651 893 5708 seotel
908 5650 1012 5720 Liuius,

216 5736 269 5852 ego
284 5722 374 5794 plebis.
392 5724 478 5780 Liar.
492 5752 528 5764 —
540 5723 579 5779 lta
589 5724 690 5795 passim
706 5739 772 5779 ntss.
795 5723 920 5781 Orosiaui
935 5721 1013 5777 exbi-

253 5802 284 5849 ot

215 5905 223 5938 ,
253 5833 347 5924 ιἰιιο
359 5867 439 5926 uictu.
455 5866 532 5927 liicm
546 5863 654 5927 lleteilo
667 5865 831 5927 Saturninus
846 5864 924 5934 dixit,
941 5863 1015 5942 quod

1109 4790 1406 4861 recreassemus.
1429 4786 1460 4844 C.
1484 4788 1632 4859 Saufeium.
1656 4788 1763 4857 Cicero,
1785 4789 1860 4847 raim

1072 4862 1178 4937 Σὰφιοι,
1194 4862 1345 4936 Appianas.
1368 4860 1453 4919 Faue.
1467 4889 1504 4943 -7
1517 4860 1649 4933 copulam
1670 4876 1730 4934 que
1746 4862 1866 4935 eupatori

1071 4946 1201 5062 “iiiia
1216 4999 1329 5063 ¹curiam.
1348 5002 1383 5061 ia
1395 5005 1496 5061 curiam
1514 5002 1666 5078 Hostiliam,
1678 5002 1798 5063 velleius
1811 5003 1865 5064 aa·

1070 5075 1286 5277 Littedissilimo.
1297 5147 1382 5223 Logd.
1395 5148 1468 5206 Batt.
1481 5115 1648 5207 omnescum
1658 5143 1731 5206 Call.
1742 5146 1864 5207 Gronau.

1093 5282 1150 5345 'ltu
1175 5290 1206 5349 C.
1226 5290 1325 5348 Furius
1348 5290 1479 5347 Tribunus
1506 5290 1599 5365 plebia.
1629 5291 1736 5355 triarius
1761 5295 1864 5369 §eripiar

1068 5359 1206 5442 δήμαρχος
1219 5366 1249 5421 οὑ
1270 5362 1292 5420 δ’
1303 5364 1430 5441 ἐλευθέρου
1452 5365 1562 5440 πατρὸς,
1578 5362 1632 5419 ἀλλ’
1643 5364 1810 5442 ἐξελευθέρου.
1827 5362 1863 5418 P.

1068 5429 1167 5489 russin
1182 5433 1310 5490 Tribunus
1318 5452 1345 5506 p.
1358 5451 1389 5490 tte
1400 5446 1474 5504 patre
1483 5433 1587 5506 quidem
1598 5436 1718 5506 insperso,
1730 5433 1774 5488 ted
1786 5432 1864 5487 frier·

1068 5503 1122 5558 tina
1133 5515 1216 5573 eratus,
1230 5506 1378 5589 Appianas,
1394 5507 1502 5571 Cicero.
1527 5521 1576 5577 pro
1591 5505 1712 5566 Rabirio.
1734 5501 1863 5557 bominem

1069 5577 1187 5632 aturribus
1211 5580 1338 5650 inaquam
1355 5579 1425 5635 stetit
1439 5576 1608 5651 turpitudinis
1628 5576 1755 5646 appellat.
1775 5571 1860 5629 Facta.

1106 5650 1150 5704 ll.
1164 5648 1196 5703 L.
1211 5648 1336 5721 Gegania.
1351 5648 1418 5705 unta
1442 5659 1484 5706 cst
1496 5664 1563 5720 gens
1575 5645 1695 5718 Gegartia
1710 5645 1736 5697 io
1750 5645 1864 5699 lastaria

1068 5722 1202 5787 Romana,
1219 5736 1252 5775 ex
1266 5737 1318 5791 qus
1335 5719 1385 5776 fuit
1397 5719 1432 5776 lt.
1450 5720 1587 5792 Geganius
1607 5724 1648 5773 ter
1673 5713 1769 5770 cotrsul
1797 5726 1865 5770 teor·

1107 5792 1214 5850 rebelli
1242 5794 1427 5848 llotnaoorum
1440 5807 1502 5847 carn
1530 5788 1647 5853 Volscis;
1664 5783 1818 5841 babuerunt
1834 5785 1862 5842 bi
1906 5805 1909 5811 ·

1094 5863 1182 5938 eganii
1197 5877 1304 5938 quoque
1328 5876 1485 5935 prenomen
1501 5858 1589 5929 Lucii,
1614 5865 1647 5914 at
1667 5853 1700 5916 L.
1725 5853 1865 5932 Geganius
