4192 6434
173 393 210 454 75
699 389 816 454 reniti
834 388 926 454 llidll
946 389 1078 455 betrui
1096 391 1305 459 cttnontcon.
1789 393 1825 457 ‘ll

173 511 208 568 tt.
224 508 257 567 C.
271 508 317 567 il.
355 506 389 568 G.
404 507 509 583 Oppius
521 507 645 567 centurio
658 505 796 581 liispauus
810 509 898 566 credit
912 509 1023 567 consto
1037 511 1167 568 morienti
1182 512 1209 567 in
1229 525 1320 568 cruce.
1655 511 1689 568 Δ.
1704 513 1737 570 li.
1762 517 1825 578 783.

783 623 913 681 stianit
932 623 1215 685 COMMENTARIUS.

176 720 313 778 rvimtit.
328 719 416 776 Porro
430 718 623 789 lipolopbanes
631 718 824 791 philosophus,
840 726 868 773 et
878 718 979 790 biony·
993 724 1017 780 Α
1031 719 1132 775 scrinia
1148 736 1237 776 rerum
1253 721 1423 789 militarium,
1447 735 1481 776 ex
1504 721 1603 794 quibus
1618 721 1688 781 incili
1714 731 1824 802 negotio

175 795 233 851 sius
248 790 426 863 areopagita,
445 790 578 874 ileliopoli
593 793 747 873 studiorum
762 801 828 846 tunc
841 789 977 860 temporis
1030 791 1103 847 scire
1128 801 1221 862 posset
1246 795 1368 860 nomina,
1385 803 1413 849 et
1428 801 1515 863 gesta,
1541 808 1574 850 ae
1588 797 1712 854 nationes
1729 813 1825 858 centn-

175 867 261 937 gratia
284 865 435 935 degentes,
452 878 478 916 nr
498 876 530 917 ea
552 861 648 931 eclipsi
669 862 719 917 tria
744 870 875 917 notarunt
894 875 977 927 supra
1029 862 1149 929 rionnnr,
1164 872 1192 920 ct
1206 864 1323 919 militurn
1346 866 1537 931 vetustiorum,
1556 868 1601 933 oni
1626 867 1756 927 hactenns
1776 875 1825 929 sti·

174 944 284 994 naturae
295 939 369 989 vires
391 932 551 1005 contigisse.
574 932 666 988 Primo
680 932 753 1003 quod
776 941 900 1000 tempore
919 933 977 1003 ple·
1029 934 1137 1004 pendiis
1151 934 1292 991 Caesarum
1307 935 1490 989 militaverant
1504 937 1530 991 iu
1546 936 1624 1009 Syria
1646 941 1823 1006 :Quinimmo

177 1005 275 1064 nilnuii
300 1006 392 1071 lacta;
419 1007 451 1059 2⁰
465 1004 536 1072 rpuod
561 1004 595 1059 ab
608 1004 715 1059 oriente
737 1005 764 1058 iu
789 1003 975 1070 occidentem,
1030 1003 1144 1060 iniurius
1164 1004 1249 1060 relert
1272 1007 1331 1071 ipsc
1347 1007 1431 1060 murita
1456 1005 1519 1061 bnic
1539 1007 1660 1064 historiae
1675 1011 1826 1071 inseruisse

177 1088 276 1136 contra
290 1091 394 1133 morem
406 1084 582 1141 ceterarum,
597 1085 624 1131 et
634 1075 839 1146 dispositionem
852 1083 976 1139 naturoe;
1029 1091 1062 1130 cx
1085 1075 1234 1132 Annalibus
1257 1077 1516 1148 Hierosolyutitnnis
1540 1078 1713 1152 deprompta.
1736 1086 1826 1152 Quare

178 1153 211 1206 3⁰
225 1148 297 1222 quod
317 1150 400 1202 trium
416 1145 565 1202 interstitio
578 1146 706 1202 laurarum
722 1146 785 1200 luna
805 1145 978 1201 densissimis
1029 1147 1095 1201 satis
1110 1148 1260 1203 verisimile
1274 1158 1317 1202 est
1337 1148 1432 1202 borum
1448 1149 1530 1204 etiam
1549 1153 1742 1211 centurionum
1763 1159 1825 1213 inde

178 1223 267 1277 soient
286 1218 450 1288 caliginibus
464 1217 622 1273 obduxerit.
636 1215 721 1286 (luins
735 1217 775 1272 rei
788 1215 976 1272 testimonium
1029 1220 1214 1274 narrationem
1228 1219 1367 1273 eduxisse.

178 1290 379 1365 promittidern
401 1289 434 1343 b.
456 1288 929 1413 DionprsinscnmadPoiycarpum,
951 1298 979 1344 et
1066 1288 1144 1356 Quod
1169 1289 1202 1344 ud
1227 1290 1342 1361 patriam
1370 1289 1429 1359 ejus
1452 1291 1619 1350 centurionis
1638 1307 1743 1366 spectat
1778 1301 1825 1370 qui

180 1380 244 1420 corn
257 1362 291 1417 ad
306 1361 396 1431 ipsum
416 1359 524 1430 spotop
534 1375 625 1415 ranem
640 1359 747 1414 litteras
761 1359 846 1414 dedit.
870 1359 917 1413 iiis
931 1375 979 1414 au·
1030 1361 1151 1426 passioni
1165 1360 1271 1416 ttonnn
1286 1360 1422 1426 interluit,
1439 1360 1573 1418 babemus
1587 1341 1826 1427 consonans'licx·

181 1446 236 1493 pem
257 1443 423 1498 commotus,
443 1437 470 1484 et
491 1431 518 1485 in
541 1440 681 1500 stuporem
699 1445 814 1486 versns:
830 1430 881 1483 Aut
907 1429 979 1485 Drus
1030 1438 1094 1493 tro,
1118 1433 1211 1486 nobile
1232 1432 1416 1488 testimoninm
1442 1433 1543 1487 iuliani
1573 1439 1708 1505 quondum
1735 1443 1825 1497 arciri-

181 1518 283 1564 Mmm
296 1503 408 1575 (inquil)
425 1502 536 1571 pamm
559 1511 604 1556 a„
617 1502 708 1555 „mugi
724 1502 845 1555 „mem-„a
860 1502 979 1555 pampo.
1031 1501 1182 1573 presbyteri
1199 1502 1322 1559 Toletani
1342 1504 1470 1558 Ecclesim
1486 1506 1513 1560 S.
1528 1504 1625 1573 tosto,
1640 1511 1684 1580 qni
1700 1520 1822 1579 ternpore

183 1590 235 1634 tur.
252 1577 286 1631 Et
308 1574 521 1646 apotopbanrs:
540 1572 606 1639 Hm,
626 1575 720 1628 odorve
735 1570 863 1642 Dionysi,
878 1571 979 1625 divinu-

180 1667 238 1704 rnm
251 1645 441 1703 vicissitudines
452 1654 512 1698 sunt
522 1660 620 1698 rerum.
632 1643 749 1699 (larebat
759 1654 835 1697 certe
849 1644 979 1714 Dionysio
1030 1651 1059 1698 et
1072 1654 1148 1713 gesta
1163 1646 1313 1699 connexuit.
1330 1645 1445 1700 Exstant
1462 1649 1518 1701 truc
1529 1663 1593 1702 nass.
1609 1664 1669 1704 eum
1685 1651 1823 1710 Chronico

181 1721 306 1788 omaus,
322 1718 386 1772 ,tum
401 1716 450 1771 lib,
467 1731 516 1776 rra,
530 1729 592 1784 cap.
609 1714 637 1775 l.
654 1714 734 1769 aliter
748 1714 884 1768 delectum
904 1714 978 1768 illum
1030 1728 1044 1765 a
1062 1724 1126 1767 nato
1140 1714 1257 1769 Domino
1278 1714 1312 1767 nd
1329 1730 1376 1769 sua
1392 1731 1476 1784 usone
1492 1727 1625 1787 tempora,
1639 1722 1727 1778 Toleti
1749 1728 1823 1792 apud

182 1794 249 1848 solis
260 1786 392 1845 accidisse
402 1789 496 1847 reiert.
508 1787 653 1855 inaniens:
666 1783 754 1855 Usque
766 1785 831 1838 odeo
841 1793 927 1837 cutem
937 1783 980 1837 in·
1030 1782 1244 1839 illustrissimum
1259 1783 1292 1836 D.
1311 1784 1450 1840 dominnm
1464 1784 1638 1844 Franciscnm
1658 1792 1693 1847 de
1714 1794 1822 1851 Sando-

183 1864 247 1918 mini
272 1860 352 1923 sotis,
375 1857 554 1930 nequeuntes
580 1856 708 1911 obstitisse
733 1856 901 1926 rrranr‘pertmn
924 1862 977 1921 ert,
1029 1856 1073 1910 val
1098 1864 1125 1909 et
1151 1854 1232 1924 lloJas
1255 1855 1453 1910 nobilissimum
1472 1859 1599 1913 cornitem
1627 1861 1661 1917 de
1676 1863 1761 1928 blora,
1776 1869 1821 1936 otti

181 1935 259 1989 atil
281 1926 978 1997 runemtie,tnnamrmrroenrrptmreinteriecto,
1033 1939 1082 1993 pro
1109 1941 1157 1981 sua
1187 1926 1213 1980 in
1239 1933 1334 1980 meet
1359 1928 1493 1982 litteratos
1522 1943 1616 1985 onmes
1644 1934 1822 2003 humanitate,

185 2004 332 2077 longissime
353 2018 370 2055 a
393 2009 530 2066 conspecta
549 1998 612 2053 solis
632 1997 747 2067 obfuisse
762 1996 901 2064 reseratur.
924 1996 979 2052 Sed
1031 1995 1159 2052 Claroniei
1174 1996 1296 2051 luliaumi
1313 1998 1418 2067 legendi
1434 1999 1540 2066 copiam
1556 1999 1630 2056 iecit.
1645 2003 1694 2058 liic
1709 2021 1774 2061 vero
1790 2011 1824 2064 ad

187 2091 222 2132 cx
235 2072 353 2130 oculatis
370 2071 485 2126 testibus
498 2067 676 2140 corrigendus
688 2067 773 2122 vertit.
791 2069 828 2122 lie
845 2067 978 2137 Phlegon·
994 2107 1016 2168 B
1031 2082 1131 2122 anciram
1154 2067 1261 2124 bantini
1285 2068 1331 2136 56,
1359 2083 1391 2123 cu
1422 2071 1614 2126 vetustissimis
1643 2081 1825 2134 monumentis

186 2148 222 2203 tis
236 2141 389 2201 testimonio
404 2142 481 2209 plura
504 2141 641 2213 iosepbus
656 2138 779 2209 Scaliger
800 2139 827 2194 iu
846 2138 922 2193 Notis
943 2137 976 2194 ad
1030 2139 1131 2194 arcirivi
1147 2139 1177 2196 S.
1200 2141 1285 2195 tnstn
1300 2139 1406 2205 scribit,
1423 2154 1453 2194 ὅθ
1468 2143 1608 2210 illeiis-‘0
1627 2163 1633 2199 :
1656 2146 1733 2212 Qtwd
1746 2152 1822 2204 ornlti

185 2215 288 2274 chron·
304 2213 426 2270 Eusebip,
1027 2211 1147 2280 gentiles,
1159 2211 1203 2279 qui
1216 2219 1338 2264 uerterunt
1351 2208 1557 2282 Hierosolymam
1568 2230 1643 2270 crore
1656 2220 1691 2271 ud
1704 2231 1823 2275 sunctum

220 2287 249 2343 l.
269 2285 402 2341 Centurio.
418 2283 445 2339 Si
458 2299 511 2354 oua
523 2297 604 2348 nova,
620 2290 647 2337 ct
659 2279 840 2337 admiratione
852 2280 933 2352 digna
949 2279 976 2336 iu
1028 2281 1163 2351 templum,
1177 2290 1252 2335 erunt
1267 2280 1398 2352 llispuni:
1412 2283 1455 2348 otti
1471 2285 1607 2338 uoluerunt
1620 2288 1704 2343 uidem
1717 2299 1741 2343 ct
1756 2291 1825 2346 nilo·

185 2359 323 2429 Hispaniae
336 2355 603 2412 commendationem
625 2354 728 2408 Dexter
749 2352 839 2413 affert.
856 2368 887 2406 ea
908 2367 977 2409 sane
1028 2352 1072 2422 qni
1085 2351 1194 2417 Jesrrm,
1220 2352 1361 2420 sarrientur,
1377 2361 1404 2406 nt
1419 2354 1623 2422 gentilitiorum
1637 2369 1712 2416 terroe
1724 2363 1824 2433 predi·

185 2440 266 2497 sunt,
288 2442 349 2512 quae
363 2426 398 2482 de
412 2424 617 2481 centurionibus
632 2423 801 2493 Evangelicis
820 2432 927 2488 narrat;
948 2424 977 2479 in
1028 2431 1127 2488 curet,·
1152 2425 1264 2478 ntocime
1292 2424 1442 2476 centurione
1468 2423 1612 2496 Hispano,
1633 2433 1678 2499 qni
1705 2433 1824 2503 ivrtrrivit

186 2517 220 2559 ep
233 2501 369 2572 siqnidem
384 2508 427 2553 est
445 2498 591 2557 sententia,
606 2505 635 2550 ut
647 2509 744 2550 omnes
762 2493 819 2549 lere
838 2494 979 2549 centurio·
1029 2493 1148 2566 (postca)
1164 2492 1279 2566 passioni
1295 2493 1411 2560 Dotnini,
1428 2508 1547 2566 poscente
1559 2513 1568 2551 :
1580 2500 1623 2567 qui
1637 2502 1773 2558 comitatus
1785 2516 1824 2560 est

186 2589 247 2639 nes,
269 2571 304 2626 de
323 2569 421 2641 quibus
440 2568 467 2623 in
489 2581 559 2622 novo
571 2566 747 2622 Testamenta
765 2579 856 2619 sermo
879 2564 927 2630 lit,
943 2565 978 2619 ab
1028 2565 1169 2619 iacobum.
1417 2609 1419 2617 ι

186 2643 316 2713 Hispania
331 2650 421 2696 ortum
437 2640 565 2693 duxerint
582 2653 590 2691 ε
606 2637 625 2693 ii
640 2636 792 2707 presertim
807 2637 853 2706 qui
871 2635 978 2705 insigne
1064 2635 1117 2691 Sed
1132 2641 1191 2706 age,
1204 2634 1380 2691 ostendamus
1394 2636 1515 2703 aliunde,
1531 2639 1825 2703 eosdemceuturioucs

187 2713 298 2784 aliquod
323 2712 430 2782 pietatis
454 2708 596 2779 religionis
617 2707 757 2777 specimen
781 2707 816 2761 de
838 2722 868 2763 se
882 2707 978 2763 edide-
1029 2705 1065 2760 ab
1079 2708 1208 2775 ilispania
1220 2708 1353 2777 originem
1368 2707 1489 2764 diruisse.
1507 2710 1570 2782 Ejus
1584 2716 1681 2769 asserti
1696 2731 1748 2771 non
1765 2719 1825 2774 leve

186 2796 251 2840 mm
262 2803 269 2839 :
281 2784 339 2839 ,jae
353 2783 428 2838 inum
444 2781 559 2851 rogites,
571 2779 616 2849 qni
631 2786 763 2834 sanaturo
775 2792 883 2833 servum
899 2792 978 2834 sunm
1030 2777 1235 2833 tundamentum
1257 2778 1362 2847 praebet
1377 2777 1410 2833 ll.
1429 2780 1528 2848 Lucas,
1546 2781 1609 2837 dnm
1632 2800 1715 2850 agens
1729 2802 1790 2856 cap.
1805 2804 1824 2843 x

188 2855 298 2912 cbristo
312 2855 340 2910 in
358 2855 426 2908 urbe
441 2851 653 2916 Caplrarnaum,
665 2849 731 2904 mira
747 2849 812 2911 lide,
828 2859 855 2902 ct
870 2849 980 2904 lntrnili-
1029 2850 1161 2904 bertraum
1175 2849 1209 2902 de
1222 2849 1350 2903 Cornelio
1364 2852 1537 2918 centurione,
1551 2868 1632 2922 quem
1649 2857 1745 2913 l¹etrus
1760 2875 1824 2927 apo·

190 2936 245 2983 tate
259 2936 346 2981 tactus
359 2924 448 2979 dixit:
466 2921 587 2985 Durrrinc,
601 2938 653 2976 aon
672 2937 728 2974 rum
742 2919 847 2990 dignus,
861 2921 979 2976 utintrer
1029 2922 1116 2975 stolns
1145 2920 1310 2990 baptizavit,
1337 2933 1432 2976 monet
1457 2937 1519 2977 curn
1548 2926 1689 2992 praebuisse
1714 2930 1823 2985 colrorti

188 2997 235 3054 aab
251 3007 344 3053 tectum
360 3011 454 3061 nteant,
470 2994 515 3048 aed
530 3002 630 3047 tontum
644 2991 686 3045 dic
705 2992 792 3055 anio,
806 3000 830 3043 et
844 2991 979 3045 suoobitnr
1030 2990 1132 3046 tratura
1153 3009 1160 3043 :
1191 2989 1235 3044 Vir
1258 3000 1360 3057 utitem,
1385 2996 1437 3057 all,
1463 2995 1568 3064 illisam
1583 3006 1638 3050 ml
1653 3000 1679 3052 in
1692 2998 1822 3065 Coetsst'ed.

189 3085 255 3140 puer
279 3084 350 3122 nurus
371 3083 381 3120 .·
402 3064 467 3122 Sive
491 3079 553 3119 cunr
570 3064 615 3129 mn
640 3061 777 3127 morienti,
795 3076 892 3131 magna
907 3062 978 3117 edita
1029 3063 1133 3117 nonriuc
1148 3060 1304 3129 Cornelius,
1325 3065 1440 3117 centurio
1454 3066 1566 3120 rolrortis
1599 3083 1638 3122 noe
1652 3069 1747 3124 dicitur
1762 3070 1822 3126 Ito-

190 3154 259 3195 roce
276 3137 390 3193 lionrino
413 3136 493 3193 iidem
517 3134 642 3203 praebuit,
663 3133 810 3202 laudesque
822 3133 920 3187 cecinit
935 3132 978 3187 di·
1030 3133 1082 3187 lica
1101 3149 1109 3185 :
1131 3134 1284 3202 religiosus,
1309 3149 1339 3186 oc
1354 3137 1447 3189 timens
1467 3136 1557 3189 licum.
1574 3083 1710 3205 gurtrsum
1732 3152 1823 3197 autern

1030 1572 1165 1638 Alpbonsi
1177 1573 1223 1626 vtt
1237 1574 1411 1641 imperatoris
1423 1574 1610 1645 llispaniarnrn
1625 1580 1728 1645 llornit,
1745 1583 1822 1652 cujus

189 3225 256 3266 crus
276 3227 284 3263 ε
311 3207 376 3264 l'erc
389 3207 461 3277 {iiius
476 3204 523 3260 lire
535 3214 591 3260 crat
604 3207 653 3259 iste
673 3219 683 3258 .·
701 3205 728 3258 in
740 3217 796 3274 quo
811 3202 980 3273 glorificasse
1030 3204 1108 3258 lraecl
1123 3212 1152 3257 ut
1167 3204 1230 3258 inde
1245 3204 1393 3259 inieramus
1409 3206 1509 3261 milites
1523 3209 1582 3277 ejus
1601 3212 1723 3267 cohortis
1739 3213 1824 3267 luisse

190 3280 276 3336 licum
294 3290 389 3335 auctor
403 3287 447 3333 cst
459 3277 491 3333 l).
508 3277 606 3342 Ltrcars,
628 3274 733 3340 Videas,
750 3277 848 3343 inquit,
863 3276 980 3328 centurio
1030 3274 1154 3338 ltalic0s;
1169 3287 1231 3327 nam
1245 3273 1399 3329 cobortesa
1412 3278 1567 3331 nationibus
1580 3280 1697 3336 militum
1712 3285 1822 3338 nomina

208 3351 261 3407 trud
277 3355 373 3421 suctum
392 3349 492 3420 sacrm,
513 3346 670 3421 glorificavit
689 3344 773 3399 Decem
793 3345 900 3400 dicens:
915 3343 979 3399 Vere
1029 3345 1191 3412 sumpsisse,
1216 3358 1297 3400 uento
1322 3355 1364 3400 est
1388 3350 1432 3413 qui
1457 3349 1567 3402 abnuat.
1595 3350 1633 3404 Er
1659 3351 1711 3406 hoc
1732 3363 1823 3409 autem

188 3368 234 3477 zie
248 3421 326 3475 tono
341 3423 427 3493 justus
442 3429 495 3474 erm
515 3417 532 3473 :'
545 3419 609 3474 Sive
622 3416 740 3486 denique
763 3415 839 3469 illum
863 3415 975 3481 rcieras,
1031 3414 1135 3484 liquido
1158 3421 1285 3481 constat,
1304 3413 1400 3471 Fuisse
1423 3417 1578 3487 Hispanos,
1605 3422 1823 3493 qttandnquidem

192 3492 352 3550 Cornelium
367 3491 488 3552 rrornine.
504 3489 660 3559 religiosum
676 3487 775 3550 virum,
790 3500 822 3540 ac
837 3485 977 3541 timentem
991 3477 1014 3542 C
1030 3485 1123 3541 italica
1149 3484 1198 3541 iuit
1221 3487 1284 3540 urbs
1299 3484 1437 3556 llispaniae
1462 3498 1518 3542 toto
1539 3491 1606 3544 orbe
1630 3493 1823 3557 celeberrima.

191 3565 351 3627 bominum,
370 3575 450 3633 quem
471 3560 520 3616 liei
534 3561 646 3629 arrgelus
661 3572 709 3613 sua
724 3557 867 3627 praesentia
885 3558 980 3625 digna-

191 3642 236 3690 tus
249 3643 302 3700 est,
317 3641 345 3689 et
358 3647 373 3688 a
386 3633 468 3688 Petro
481 3631 672 3701 Apostolorum
693 3644 740 3684 cor
761 3627 837 3698 plrmo
852 3627 981 3682 intinctus

193 3706 336 3770 asseritur,
363 3708 456 3761 Actor.
482 3718 508 3756 x.
536 3701 593 3758 llos
621 3714 716 3756 omnes
740 3643 841 3753 beuter
867 3707 981 3753 testatur

191 3791 293 3848 genere
306 3774 415 3847 quidem
430 3773 564 3845 llispanos
574 3787 647 3839 esse,
659 3770 766 3826 tametsi
779 3769 883 3824 militie
894 3768 981 3838 grartia

192 3848 220 3903 in
234 3847 360 3918 Syriaco
378 3847 510 3916 temporis
523 3843 665 3914 degerent.
681 3841 815 3897 Ceterum
837 3850 981 3909 purarunm-

193 3933 310 3989 curruque
333 3931 432 3973 novum
457 3915 483 3971 id
512 3914 648 3980 videatur,
673 3928 727 3968 non
759 3911 831 3967 illico
856 3911 981 3966 falsitatis

192 3988 433 4059 redarguendum,
459 3986 560 4058 quippe
580 4000 642 4042 cum
665 3983 772 4040 novitus
796 3984 854 4036 baec
879 3997 931 4037 non
947 3996 981 4037 ex

195 4060 314 4116 auctoris
336 4060 457 4115 novitate
481 4072 544 4128 grum
572 4057 601 4112 in
627 4071 657 4111 re
682 4056 792 4123 antiqua
819 4051 885 4107 vitio
912 4054 979 4107 rcrti

194 4138 315 4200 poterat,
337 4130 385 4186 scd
401 4145 436 4187 ex
449 4128 550 4199 injuria
574 4126 703 4197 temporis
719 4127 817 4194 scripta
834 4125 893 4178 lracc
907 4132 983 4178 vetu-

193 4201 313 4256 stissima
335 4201 487 4256 accolentis
506 4212 596 4256 ortum
611 4198 703 4254 ducat.
717 4196 784 4251 Nam
805 4195 896 4249 lieutri
911 4203 981 4248 tem·

195 4286 261 4342 porc
282 4271 479 4339 uovajudicari
502 4271 614 4325 minime
627 4282 748 4339 possem,
769 4281 830 4333 uum
851 4265 979 4319 nimirum

193 4358 245 4397 ore
260 4351 326 4395 tunc
348 4344 467 4395 omnium
483 4341 715 4412 pervulgarentur,
739 4337 836 4393 saltent
860 4335 981 4391 erudito·

193 4426 257 4468 rum
272 4428 279 4467 ε
293 4410 365 4479 uuod
384 4425 419 4463 ex
432 4424 465 4463 eo
479 4412 632 4476 deducitur,
648 4409 719 4480 nuod
734 4423 793 4465 reso
807 4421 857 4461 sno
872 4421 982 4461 eorum-

194 4483 258 4538 dem
274 4479 374 4535 laruam
388 4479 415 4534 in
430 4478 562 4547 ilispaniis
574 4485 665 4552 vigere
676 4478 784 4535 dixerit.
801 4477 855 4532 Nec
870 4477 979 4542 uvivum,

195 4568 258 4610 euru
279 4550 456 4607 centuriones
472 4547 590 4618 predicti
610 4554 659 4607 snb
681 4551 865 4606 Rornarrmrum
880 4548 982 4616 princi·

196 4640 260 4694 pum
277 4621 391 4693 imperio
405 4619 536 4684 riserint,
550 4619 645 4687 uatibus
657 4625 736 4677 etiam
752 4623 809 4691 ipse
826 4620 937 4684 Dexter,
953 4625 981 4671 ct

197 4703 252 4751 tota
269 4693 397 4761 Hispania
420 4693 546 4748 servivit.
569 4688 637 4744 Cttm
661 4692 742 4759 igitur
767 4691 904 4758 Hispaniae
928 4689 981 4743 sub

195 4766 293 4822 eodem
306 4764 491 4819 Rornanorum
506 4762 623 4832 imperio
639 4760 727 4815 berun
740 4773 861 4833 ternpore
875 4769 979 4823 essent,

198 4851 254 4909 quo
274 4836 375 4892 Christi
403 4835 508 4890 bomini
533 4842 562 4887 ct
587 4831 686 4886 trorum
715 4838 898 4887 cernarionnm
921 4845 980 4886 aevo

197 4915 289 4970 erant,
306 4905 425 4962 trundum
440 4903 553 4961 dominii
569 4901 748 4958 mutationem
763 4915 896 4969 experte3
913 4902 981 4957 nibil

198 4977 297 5033 mirum
319 4976 342 5032 si
358 4977 554 5045 praeclarorum
577 4975 698 5028 virorum
713 4971 853 5034 memoria,
867 4974 911 5044 qui
933 4973 985 5028 snb

198 5047 296 5104 iisdem
309 5047 492 5102 militaverant
505 5045 682 5116 principibus,
693 5044 778 5110 clara,
791 5048 820 5098 et
832 5040 867 5096 ab
879 5044 985 5113 iniuriis

198 5128 351 5189 temporum
366 5119 449 5173 illaesa
465 5116 663 5188 perseverabat.
856 5111 865 5126 '

234 5189 295 5245 litte
306 5188 411 5245 aceedit
428 5189 573 5244 auctoritas
589 5186 690 5254 vestri,
707 5202 766 5256 oure
782 5194 855 5241 tanta
874 5184 937 5250 luit,
954 5192 983 5239 ut

198 5261 235 5318 nil
251 5260 302 5317 nisi
317 5259 421 5331 magnis
442 5260 586 5314 momentis
608 5258 728 5312 fulcitum
741 5258 854 5314 auderet
867 5270 979 5312 asseve-

197 5345 271 5398 rare,
286 5328 438 5402 presertim
452 5331 533 5386 rerba
548 5328 651 5385 iaciens
663 5328 697 5383 ad
709 5330 906 5385 eruditissimos
919 5342 982 5398 gra-

198 5402 379 5471 vissimosque
401 5400 595 5473 llieronymum
610 5407 639 5455 et
649 5400 787 5466 brasium,
802 5399 901 5471 utribus
913 5412 984 5467 opus

1032 3565 1127 3625 utpote
1140 3571 1202 3626 qum
1222 3556 1280 3611 orbi
1296 3555 1404 3612 dederit
1417 3556 1579 3627 Traianum,
1604 3569 1631 3617 et
1656 3565 1822 3632 adrianum

1033 3626 1101 3682 Urbi
1125 3639 1192 3681 vcro
1216 3626 1311 3681 Silium
1335 3629 1488 3683 consulem.
1515 3629 1614 3687 ltaliecc
1638 3636 1823 3692 meminerunt

1031 3697 1207 3766 Ptolomaeus,
1234 3697 1413 3767 Pomponius,
1437 3708 1463 3755 ct
1478 3701 1587 3768 Strabo,
1603 3703 1716 3789 ejusqrte
1737 3708 1823 3764 vuinus

1031 3768 1065 3824 ad
1080 3768 1150 3823 lianc
1170 3783 1256 3838 usqne
1270 3768 1343 3824 diem
1359 3784 1413 3825 uon
1437 3771 1516 3842 longe
1530 3775 1564 3826 ab
1579 3773 1680 3840 tlispalr
1695 3792 1823 3845 perseve-

1032 3849 1114 3905 rant,
1136 3839 1187 3894 snb
1210 3841 1321 3894 nomine
1338 3839 1438 3896 Smilla
1461 3841 1486 3895 io
1506 3843 1583 3912 vicio.
1609 3845 1734 3901 blicuisse
1756 3864 1821 3904 vero

1032 3908 1132 3965 mirum
1147 3907 1175 3964 in
1191 3910 1300 3964 modurn
1324 3911 1444 3965 ltalicam
1466 3912 1537 3967 inter
1557 3921 1671 3970 ceteras
1686 3918 1823 3975 Romanas

1032 3980 1153 4051 legiones
1177 3980 1268 4034 miritis
1292 3987 1408 4036 testatur
1432 3980 1482 4036 bio
1493 3981 1576 4037 libr
1599 3984 1668 4040 llist.
1692 3986 1822 4056 Romam,

1032 4054 1077 4176 poi
1092 4049 1173 4106 etiarn
1197 4060 1291 4109 unctor
1313 4059 1374 4117 est,
1396 4052 1431 4108 ab
1445 4054 1566 4124 Augusto
1581 4052 1689 4115 Caesare
1711 4075 1769 4115 cam
1795 4062 1824 4117 in

1052 4121 1157 4177 iudanam
1181 4120 1336 4187 deductam,
1360 4136 1410 4178 nee
1434 4123 1497 4179 iude
1517 4127 1665 4183 recessisse
1688 4134 1823 4201 usquead

1033 4202 1154 4262 tempora
1167 4191 1292 4259 Neronis,
1308 4193 1416 4262 nararrdo
1431 4194 1484 4249 alio
1497 4196 1639 4252 amandata
1652 4199 1712 4267 init,
1725 4217 1823 4271 nempe

1032 4264 1060 4318 in
1084 4263 1252 4328 Armeniam,
1278 4266 1375 4318 iterum
1399 4265 1461 4320 inde
1483 4266 1592 4322 'reddita
1616 4267 1712 4341 Syriae.
1731 4272 1824 4329 caruit

1032 4333 1162 4406 presenti
1174 4335 1268 4402 bertii
1283 4336 1439 4391 testimonio
1452 4337 1534 4407 (quod
1550 4338 1731 4398 libentissime
1744 4358 1823 4400 accc-

1032 4405 1154 4475 pisset'si
1178 4405 1287 4459 duretur
1309 4405 1360 4459 sibi
1386 4406 1476 4478 copia)
1501 4408 1646 4465 cardinalis
1669 4412 1821 4481 baronius;

1032 4477 1209 4546 orraruobrem
1225 4474 1349 4532 vocabuli
1366 4474 1634 4547 ltalicrceonjcctnra
1659 4482 1772 4552 ductus,
1790 4501 1824 4541 cr

1032 4546 1116 4602 ltaliae
1129 4562 1230 4620 regim,
1254 4549 1407 4616 suspicatus
1427 4547 1487 4613 luit,
1502 4549 1658 4607 Cornelium
1674 4563 1702 4609 et
1721 4558 1823 4612 milites

1033 4617 1123 4688 liujus'
1139 4617 1276 4683 cotrortis,
1302 4618 1435 4687 originem
1451 4620 1586 4687 traxisse;
1606 4623 1684 4684 nuasi
1697 4627 1731 4680 ab
1747 4627 1822 4682 ltalia

1032 4693 1132 4743 cotrors
1147 4688 1240 4742 italica
1254 4691 1325 4744 dicta
1342 4689 1436 4746 luisset
1451 4707 1458 4744 :
1471 4688 1552 4745 Haud
1569 4694 1677 4746 dabiram
1698 4698 1755 4765 ejus
1775 4714 1824 4750 rm-

1033 4759 1112 4812 tt'cnis
1125 4756 1186 4811 iiior
1201 4759 1295 4813 milites
1310 4759 1401 4826 sitisse,
1423 4762 1519 4828 inqrrtt,
1541 4777 1574 4815 ee
1595 4779 1647 4831 qrro
1660 4761 1752 4819 cultore
1768 4775 1827 4822 mot

1032 4829 1219 4892 denominato,
1236 4845 1328 4897 nempe
1343 4827 1427 4884 Italos
1446 4845 1456 4883 :
1478 4833 1652 4886 centurionem
1666 4848 1726 4889 uero
1740 4852 1754 4891 c
1767 4837 1824 4893 nr-

1038 4916 1117 4954 omno
1139 4900 1241 4955 nornine
1263 4900 1402 4971 (errarent
1427 4900 1550 5027 scilieet)
1575 4905 1721 4959 lismonam
1734 4925 1827 4979 genere

1038 4972 1137 5043 sulam,
1159 4972 1309 5036 corricctunt
1333 4971 1409 5034 sorim
1429 4988 1506 5044 perro
1544 4983 1567 5028 ct
1585 4991 1594 5029 .·
1614 4974 1697 5029 Erunt
1719 4994 1787 5033 cutm
1800 4992 1826 5036 ct

1036 5046 1170 5097 cohortetur
1183 5044 1302 5109 nomino,
1316 5041 1383 5096 ticut
1396 5051 1419 5097 ct
1432 5043 1572 5115 legionum,
1583 5062 1642 5115 gnte
1656 5048 1734 5101 etium
1749 5051 1828 5106 deno·

1036 5115 1142 5168 utinotte
1155 5113 1321 5182 reperiuntur
1332 5129 1428 5181 sterce
1443 5112 1601 5181 Provinciis,
1623 5133 1655 5170 eu
1668 5119 1760 5189 quibus
1776 5124 1826 5176 nri-

1033 5184 1097 5312 gaes⁸
1119 5182 1212 5309 dcliicti
1236 5193 1329 5239 cucerat.
1358 5184 1492 5242 Hactenus
1514 5185 1648 5242 baronius
1669 5189 1703 5244 ad
1721 5205 1824 5251 artuum

1076 5262 1134 5310 rtstt
1185 5293 1191 5306 .

1077 5327 1211 5380 Caeterum
1233 5325 1314 5395 louge
1327 5341 1342 5381 a
1355 5341 1421 5383 uero
1443 5326 1578 5397 abluisse,
1602 5344 1655 5385 nou
1680 5332 1766 5389 sulum
1792 5350 1827 5392 cx

1041 5394 1203 5454 auctoritate
1229 5396 1319 5452 lirxtri
1344 5397 1488 5465 babemus,
1511 5400 1560 5455 sed
1583 5415 1616 5456 ex
1639 5402 1732 5458 multis
1755 5405 1827 5474 aliis,

200 5470 255 5527 boc
273 5472 437 5529 omnimodae
457 5471 578 5527 historiar
596 5470 707 5526 dicavit.
723 5471 751 5527 Si
766 5484 817 5540 qua
831 5484 897 5526 vcro
912 5470 940 5524 in
959 5483 989 5524 re
1042 5482 1103 5537 uuae
1126 5464 1159 5520 ad
1175 5468 1388 5536 persuasionem,
1403 5484 1483 5539 quam
1508 5470 1671 5526 intendimus
1694 5475 1827 5530 manudu-

200 5543 269 5598 bdcs
283 5544 309 5599 ei
324 5543 445 5613 praestari
459 5542 552 5606 debet,
575 5541 646 5597 baud
663 5540 775 5596 dubium
790 5541 817 5595 in
833 5541 948 5595 militum
962 5549 990 5595 ct
1042 5545 1108 5595 cunt
1129 5553 1136 5591 ε
1157 5551 1271 5676 tinorum
1295 5538 1460 5610 precipuum
1486 5551 1547 5608 est,
1572 5541 1643 5612 quod
1671 5546 1825 5601 testimonio

201 5614 390 5670 centurionum
404 5614 515 5670 iristoria
530 5612 684 5684 proruens
703 5621 756 5677 est,
774 5612 820 5681 qui
836 5612 916 5681 paulo
926 5618 990 5667 ante
1045 5608 1138 5665 Dionis

1185 5609 1246 5666 locu
1267 5608 1367 5680 citato)
1394 5610 1535 5677 babemus,
1551 5611 1685 5683 legionem
1707 5615 1825 5670 italicam

200 5681 363 5752 floruerant,
385 5687 413 5741 itt
439 5684 537 5740 iisdem
564 5685 650 5751 locis,
675 5698 791 5754 quorum
817 5679 990 5751 postmodum
1046 5680 1157 5744 dietum,
1172 5694 1233 5750 quae
1248 5683 1274 5735 in
1294 5678 1384 5752 Syria,
1400 5696 1449 5738 seu
1463 5682 1605 5738 Palaestina
1627 5685 1751 5757 degebat,
1767 5699 1827 5738 cam

200 5753 263 5824 ipse
285 5768 420 5811 summurn
444 5755 559 5811 obtinuit
583 5755 777 5825 principatum.
801 5753 914 5808 Constat
927 5766 993 5808 vero
1046 5751 1212 5818 inisse,qnae
1226 5751 1829 5826 sertaatiorionnner·orabatur,qnudeorr-

200 5826 331 5882 bereum
348 5826 375 5880 in
392 5828 503 5883 (triente
517 5827 658 5897 presidem
672 5825 756 5880 inisse
770 5824 889 5891 pretorii
906 5824 993 5893 impe·
1048 5821 1112 5878 dirae
1125 5820 1195 5876 inter
1210 5820 1344 5877 Rrrnranas
1358 5824 1458 5894 scripta
1474 5833 1557 5891 asset,
1573 5823 1610 5877 uti
1626 5822 1759 5882 baronius
1774 5824 1832 5894 ipse

199 5896 292 5964 rtatim
309 5906 336 5955 et
350 5897 424 5968 quod
438 5900 464 5954 ei
480 5909 543 5954 tunc
556 5898 590 5953 ad
605 5911 714 5955 ursanum
729 5905 808 5954 eraut
828 5894 950 5961 arcbivr,
968 5902 995 5953 ct
1050 5908 1084 5953 er
1098 5891 1184 5951 Dione
1199 5894 1300 5968 pariter
1314 5892 1406 5951 reiert.
1430 5893 1507 5961 Quod
1532 5905 1625 5950 autent
1654 5893 1723 5971 tegio
1745 5891 1838 5953 italica

341 5991 478 6056 Parnon.
503 5990 625 6054 xxxt.
1532 5985 1553 6050 8
