4192 6434
228 377 284 444 908
404 389 406 394 “
771 382 1010 449 itlstbitttittttt
1029 384 1363 450 attentiusetsi.
1833 400 1887 461 auu

228 496 496 572 Carthaginiensium
514 495 597 573 2oe
615 497 732 571 captiuis
751 498 871 574 pileatus
885 502 974 574 (quod
994 503 1035 560 in·
1047 505 1072 567 A
1086 519 1150 577 pum
1165 520 1257 576 regom
1273 512 1372 561 etcum
1385 517 1419 562 en
1431 502 1562 571 Thracas,
1577 502 1751 577 Macedones,
1765 505 1885 582 illyrios,

230 591 315 649 dultae
329 590 382 647 sibi
399 589 533 647 libertatis
548 589 656 664 insigne
668 590 730 665 luit)
744 592 955 666 triumphantem
970 603 1032 667 post
1082 597 1237 669 multasque
1258 605 1392 669 praeterea
1416 604 1528 669 gentes,
1551 599 1638 669 qouc¹
1664 598 1691 654 in
1714 601 1844 657 atrriliunr
1859 603 1887 660 ei

228 698 339 742 currum
355 689 467 741 secutus
481 690 533 740 est.
1081 702 1231 761 uenerant,
1258 692 1331 749 bello
1352 692 1470 764 subegit.
1483 694 1494 724 ⁶
1507 691 1578 748 Victi
1603 694 1764 752 iincedoncs
1790 705 1883 754 castra

521 779 637 840 CAPUT
656 780 716 839 XX.
1081 784 1247 854 amiserunt,
1275 794 1337 840 octo
1358 782 1444 839 millia
1473 783 1593 841 hostium
1618 785 1629 817 ¹
1656 801 1689 842 co
1716 787 1761 845 die
1789 803 1884 857 caesa,

228 892 270 952 Dc
294 894 360 951 beilo
387 893 575 961 Macedonica,
590 896 618 951 in
632 912 684 967 gno
698 912 757 951 aunt
771 896 895 953 nariiraa
919 897 1031 953 diuersis
1082 875 1094 906 ⁸
1118 875 1239 948 ‘Niniue
1261 876 1347 933 millia
1373 885 1451 948 capta
1473 876 1603 948 Polybius
1628 878 1733 935 scribit.
1759 880 1887 939 Falerios

264 966 1029 1051 Romani,praecipueudomrnsNaeedoaesetdatiocitnm
1081 967 1149 1024 dicit
1175 968 1352 1041 quadraginta
1377 968 1462 1025 millia
1490 969 1635 1025 trucidata.
1665 968 1795 1029 Claudius
1817 989 1886 1030 vero

265 1037 352 1111 syon
364 1053 467 1112 regem,
479 1055 549 1094 ”im
560 1049 751 1111 »1111111111
1082 1059 1194 1131 triginta
1205 1061 1260 1117 duo
1275 1061 1361 1117 millia
1374 1060 1519 1117 interiecta
1537 1074 1744 1119 coromcmorat.
1758 1064 1813 1121 Sed
1828 1066 1886 1122 baec

264 1163 273 1195 ¹
288 1153 368 1211 Anno
382 1154 417 1210 ab
429 1153 504 1211 Urbe
517 1153 625 1212 condita
648 1171 748 1227 ostri,
772 1155 876 1214 bellum
897 1156 1028 1214 Punicum
1082 1152 1369 1225 varietasscriptorum
1382 1153 1474 1226 utiqne
1485 1153 1649 1210 iaiitciacst.
1662 1155 1886 1213 Fallaciaeautem

226 1247 378 1304 secundum
394 1246 499 1304 unttnnt
514 1257 573 1317 est,
597 1249 671 1321 quod
691 1256 798 1322 gestum
824 1259 866 1307 est
889 1252 968 1307 annis
987 1266 1032 1308 se-
1082 1259 1163 1303 causa
1179 1245 1301 1317 prolecto
1316 1246 1436 1303 adulatio
1457 1255 1510 1315 est,
1527 1248 1591 1303 dum
1604 1248 1716 1304 victoris
1730 1250 1826 1305 landes
1840 1263 1886 1305 ac·

227 1340 392 1411 ptctndecim
416 1359 422 1396 :
448 1340 492 1396 cui
514 1339 718 1399 Macedonicum
743 1344 875 1400 continuo
899 1344 1031 1400 successit
1082 1339 1690 1410 cumulare,virtutemquepatriacextoilerc
1705 1341 1748 1396 vel
1763 1354 1884 1413 praesen-

226 1432 237 1463 ¹
250 1432 323 1504 qtrod
334 1432 477 1501 Quinctius
486 1431 655 1490 Flamininus
667 1448 725 1491 cos.
737 1436 858 1502 sortitus,
871 1444 933 1507 post
944 1435 1029 1490 multa
1083 1432 1156 1489 tibus
1171 1433 1214 1490 rel
1230 1433 1347 1504 posteris
1357 1432 1487 1489 student:
1502 1433 1620 1503 alioquin
1633 1433 1657 1489 si
1672 1434 1814 1504 inquisitos
1829 1449 1885 1490 non

225 1533 255 1583 et
270 1527 352 1600 270
372 1527 534 1601 grauissima
546 1527 657 1600 praelia,
677 1528 777 1600 quibus
793 1525 953 1585 Macedones
967 1526 1031 1585 ricti
1082 1524 1179 1582 luisset
1190 1542 1341 1595 numerus,
1357 1541 1407 1582 nec
1430 1526 1640 1598 qualiscumque
1660 1527 1755 1583 inisset
1769 1543 1884 1599 expres·

225 1629 290 1675 sunt
302 1663 309 1689 ,
322 1634 417 1691 pacem
429 1619 556 1691 Philippo
565 1620 650 1675 dedit.
664 1620 769 1677 Deinde
781 1634 843 1676 cum
859 1619 1031 1678 Laccdaemo-
1082 1630 1139 1673 sus
1154 1617 1233 1685 Quod
1246 1617 1269 1673 si
1284 1618 1434 1689 gloriosum
1451 1626 1492 1673 est
1509 1616 1571 1673 doci
1587 1626 1615 1673 et
1629 1618 1735 1688 patriae,
1749 1619 1885 1689 plurimos

225 1710 279 1767 niis
294 1712 441 1784 pugnavit,
461 1712 534 1768 ricto
547 1710 650 1768 Nabide
672 1710 742 1769 duce
761 1713 898 1784 ipsorum,
916 1714 1031 1772 nobilis·
1083 1709 1203 1765 bostium
1219 1710 1379 1780 peremisse,
1401 1710 1606 1781 quantomagis
1621 1709 1712 1765 laetum
1732 1713 1840 1780 patriae,
1857 1720 1886 1767 et

224 1801 310 1861 simos
332 1803 445 1861 obsides
466 1804 634 1860 bernetrinn
660 1803 778 1875 Philippi
803 1804 889 1861 lilium
904 1814 932 1861 et
947 1804 957 1837 ⁸
971 1804 1024 1861 Ar·
1081 1802 1144 1860 duci
1160 1805 1268 1861 beatum
1286 1813 1378 1876 potest
1401 1803 1499 1871 rideri,
1527 1819 1639 1860 suorum
1658 1803 1701 1860 rel
1725 1805 1814 1860 nullos
1838 1804 1884 1861 rel

225 1910 335 1952 coenem
350 1894 462 1952 Nabidis
474 1895 577 1965 lilium,
594 1903 657 1951 ante
680 1910 790 1952 currum
805 1895 895 1953 duxit.
911 1896 1027 1953 Numani
1042 1906 1067 1969 Β
1081 1898 1260 1966 paucissimos
1277 1896 1442 1968 perdidisse.
1470 1898 1508 1952 lta
1523 1896 1690 1953 lucidissime
1703 1906 1794 1967 patet,
1810 1898 1885 1967 quod

219 1989 339 2061 captivi,
366 1989 414 2060 qui
447 1988 499 2045 sub
532 1986 666 2045 Annibale
685 2004 736 2060 per
763 1988 897 2045 Graeciam
920 1990 1024 2046 venditi
1076 1989 1156 2061 271
1172 1988 1255 2045 simili
1277 1988 1444 2060 impudentia
1466 1987 1626 2055 mentiendi,
1652 2004 1706 2058 qna
1727 1990 1882 2045 occisorum

218 2081 345 2149 lucrant,
363 2080 483 2138 utrirersi
497 2080 620 2152 recepti,
648 2079 783 2151 capitibus
797 2082 867 2137 rasis
878 2081 914 2138 ob
930 2081 1023 2138 deter—
1076 2081 1196 2139 bostinm
1209 2096 1325 2138 numero
1339 2080 1477 2153 adjicitur,
1489 2081 1628 2137 sociorum
1640 2095 1749 2152 quoquc
1762 2083 1881 2137 amisso-

219 2188 279 2230 sam
297 2173 475 2239 seruitutem,
499 2188 608 2229 currum
629 2171 821 2242 triumphantis
834 2173 921 2229 secuti
947 2183 1022 2230 sunt.
1076 2191 1136 2231 rum
1152 2175 1254 2232 damna
1276 2176 1451 2241 minuuntur,
1467 2174 1511 2230 rel
1533 2171 1615 2231 etiarn
1638 2176 1751 2231 omnino
1765 2176 1885 2232 reticen-

221 2264 352 2323 *Eadem
366 2275 492 2337 tempore
503 2264 646 2336 insubres,
660 2266 720 2322 Boii
734 2276 815 2338 atque
838 2265 997 2324 Cenomani
1014 2311 1021 2337 ,
1078 2279 1131 2326 tor.
1147 2273 1158 2305 ⁹
1175 2269 1261 2341 igitur
1272 2268 1454 2340 Sempronius
1469 2266 1622 2324 Tuditanus
1644 2268 1673 2323 in
1685 2267 1817 2339 Nispania
1842 2268 1883 2323 ci·

218 2361 368 2419 contractis
393 2361 418 2415 in
432 2374 515 2416 unum
530 2359 649 2427 viribus,
674 2361 812 2417 Amilcare
830 2360 915 2417 Poeno
935 2360 1022 2431 duce,
1077 2364 1193 2433 teriora,
1219 2363 1294 2420 bello
1309 2376 1468 2434 oppressus,
1491 2377 1552 2416 cnm
1572 2360 1654 2415 omiti
1680 2362 1801 2416 exercitu
1824 2361 1881 2417 lto·

219 2453 266 2523 nni
280 2452 397 2508 initalia
421 2462 606 2520 remanserat,
623 2453 786 2510 Cremonam
801 2452 1025 2525 Placentiamtgoe
1078 2472 1161 2513 tnano
1176 2454 1339 2512 interiectus
1359 2463 1421 2510 est:
1438 2453 1461 2485 ¹⁰
1476 2452 1571 2508 consul
1588 2452 1733 2507 Marcellus
1753 2452 1782 2506 in
1798 2453 1879 2507 Etru·

219 2544 670 2613 asstantes,uiitnitttnobettoa
687 2546 717 2601 L.
740 2544 824 2602 Furio
839 2554 956 2617 praetore
979 2561 1026 2602 su·
1076 2550 1118 2605 ria
1142 2563 1156 2603 a
1178 2548 1253 2604 Boiis
1276 2560 1438 2618 oppressus,
1462 2560 1587 2616 magnam
1610 2554 1716 2615 partem
1742 2544 1880 2600 exercitus

219 2638 307 2711 parati
318 2647 392 2696 suut.
409 2636 509 2696 Postea
522 2636 692 2695 Flamininus
705 2639 893 2709 proconsule,
920 2638 1024 2711 Philip·
1080 2640 1210 2714 perdidit,
1223 2639 1268 2698 cui
1287 2648 1383 2713 postea
1400 2638 1502 2696 Furius
1517 2638 1589 2695 alter
1603 2636 1697 2693 consul
1718 2637 1821 2693 auxilio
1835 2649 1881 2693 ac-

864 2795 1091 2856 statunculus
1110 2798 1228 2857 NilTAE.

220 2914 266 2972 bic
286 2912 320 2971 de
343 2912 462 2971 Ferentio
480 2915 590 2983 cornico,
607 2914 633 2970 id
649 2914 742 2972 totns
757 2915 828 2972 libro
842 2915 983 2987 trigesimo
995 2928 1021 2975 et
1077 2918 1231 2991 Philippum
1248 2918 1275 2975 in
1290 2916 1413 2976 lancibus
1428 2918 1501 2990 Epiri
1517 2933 1648 2991 prospere
1660 2919 1788 2989 pugnavit
1805 2939 1812 2976 :
1828 2936 1877 2978 an-

217 2987 361 3060 trigcsimo
379 2995 475 3042 octauo
495 2987 530 3043 dc
552 2987 584 3056 Q.
600 2985 721 3043 Ferentio
737 2986 878 3056 {Culleone
893 2999 1021 3048 serratore
1077 3006 1167 3060 troque
1193 2993 1346 3063 insequenti
1375 2992 1447 3046 ricto
1470 2992 1493 3045 ei
1510 3006 1604 3060 pacem
1630 2991 1720 3056 dedit,
1747 2992 1876 3063 Polybius

219 3058 356 3122 Numano,
379 3073 460 3128 quem
482 3057 573 3128 Scipio
594 3060 664 3115 inter
684 3060 806 3129 captivos
828 3062 939 3128 reecpit,
955 3063 1022 3116 scri·
1076 3062 1146 3119 libro
1159 3062 1266 3119 decimo
1280 3063 1411 3131 septimo,
1425 3062 1516 3116 Livius
1529 3078 1606 3116 xxxo
1617 3074 1645 3117 et
1658 3078 1753 3123 xrrrn,
1768 3064 1876 3120 Plutar-

217 3142 297 3257 ξιιιιιι
312 3129 434 3199 reliquit.
457 3128 611 3185 Fenestella
632 3144 741 3201 quoque
756 3145 805 3187 cos
819 3128 958 3195 refutarit,
976 3133 1021 3202 gui
1076 3132 1144 3188 abas
1170 3135 1198 3189 in
1225 3132 1388 3188 Flaminino.
1410 3130 1529 3198 Quintetii
1544 3146 1693 3201 cognomen
1709 3133 1875 3191 Flamininus

240 3201 368 3258 arentium
392 3214 500 3268 captum
527 3216 561 3256 ex
589 3200 678 3256 birico
711 3200 825 3256 Notnam
860 3201 1020 3269 perdoctum
1076 3202 1104 3258 in
1118 3203 1237 3259 Cornelii
1256 3203 1399 3259 Gunltlteri
1419 3202 1491 3258 libra
1512 3212 1588 3256 recte
1611 3203 1830 3269 scribitttr,cum
1848 3209 1876 3260 in

218 3272 397 3344 scripserant.
415 3271 499 3327 Fran.
512 3272 648 3338 -Unde,
663 3271 837 3343 quantumuis
853 3272 879 3326 in
894 3273 1021 3329 omnibus
1075 3274 1154 3335 aliis.
1170 3285 1195 3329 ct
1211 3274 1292 3344 vulgo
1307 3276 1409 3344 passim
1429 3273 1501 3327 male
1528 3272 1684 3328 scribatur:
1709 3274 1747 3328 be
1768 3273 1875 3331 Nabide

217 3358 299 3408 mss,
315 3351 386 3398 utet
401 3341 547 3399 Vincentio
562 3343 666 3398 Bellon.
683 3343 731 3399 lib.
746 3358 785 3411 rr,
802 3357 864 3414 cap.
879 3343 925 3410 52,
943 3346 1019 3399 inte-
1094 3355 1175 3401 rotor
1188 3344 1293 3401 Livium
1308 3353 1335 3401 et
1356 3344 1547 3409 Plutarchum,
1572 3343 1720 3398 Pausanias
1744 3344 1871 3417 librorv,

217 3414 318 3481 triatnr,
342 3412 453 3485 Pighius
472 3414 506 3470 ad
526 3414 560 3470 Α.
581 3414 615 3471 U.
630 3414 660 3471 G.
676 3429 739 3483 nctt,
756 3423 824 3469 tom.
840 3414 863 3472 tt
876 3414 974 3470 brinul.
991 3433 1017 3484 p.
1034 3395 1058 3460 C
1072 3361 1195 3473 iustioris
1210 3416 1351 3483 trigesimo
1366 3425 1395 3472 et
1409 3414 1549 3483 trigesimo
1564 3413 1663 3483 primo.
1678 3415 1762 3471 Faon.

216 3485 284 3554 att,
299 3484 435 3557 impatiens
446 3485 574 3559 glossema
588 3495 678 3551 vocat,
693 3485 860 3541 librariornat
873 3486 1019 3558 ignorantia
1107 3490 1133 3544 5.
1150 3488 1296 3542 Aristonem.
1309 3486 1334 3543 ls
1345 3486 1414 3559 apud
1428 3484 1568 3541 Nonianus
1580 3483 1690 3541 initalia
1703 3488 1776 3543 dieto
1791 3488 1870 3548 obiit.

215 3557 356 3612 inuectum.
376 3555 481 3612 Vellera
502 3559 584 3612 sanci
606 3557 659 3614 Setl
680 3570 788 3623 vereor,
804 3572 838 3611 ne
854 3558 934 3612 nimis
949 3560 1020 3613 osci·
1071 3558 1225 3615 Demetrius
1239 3566 1334 3631 postea
1350 3558 1420 3628 patri
1434 3557 1559 3627 Pirilippn
1575 3556 1625 3612 init
1636 3558 1769 3614 redditus.

217 3635 310 3684 ianier
329 3636 357 3683 et
371 3636 552 3698 properanter
567 3627 671 3684 Litium
687 3627 782 3698 legerit
794 3625 915 3684 Orosius.
930 3628 1018 3685 Orosii
1105 3632 1133 3687 4.
1148 3630 1247 3685 Eodem
1262 3638 1376 3702 tempore
1391 3627 1522 3684 introires.
1539 3628 1602 3683 ilaue
1616 3644 1661 3684 res
1673 3639 1767 3684 corttra
1779 3630 1872 3690 Gallos

218 3701 292 3756 enitar
304 3697 405 3771 stylum
415 3699 523 3770 sapiunt
533 3699 592 3765 ilia,
602 3699 648 3771 gni
659 3706 749 3767 pastea
760 3699 884 3759 comicas.
897 3707 1018 3769 utsupra
1070 3716 1085 3758 a
1099 3701 1129 3758 L.
1144 3701 1227 3758 Furio
1238 3700 1416 3769 Purptrreotte
1430 3707 1546 3769 pratorc
1559 3709 1633 3769 gesta
1648 3709 1691 3756 est
1701 3700 1732 3756 P.
1749 3700 1871 3774 Sulpicio

216 3785 280 3843 cap.
294 3771 339 3835 ib,
350 3770 384 3826 de
394 3769 533 3841 Scipione,
544 3771 589 3842 gui
600 3778 689 3839 postca
699 3768 851 3842 Africanas.
863 3770 1018 3829 credidisse
1071 3772 1171 3839 Galba,
1194 3770 1226 3828 C.
1240 3770 1351 3843 Aurelio
1364 3769 1444 3826 Cotta
1458 3784 1529 3826 cass
1544 3785 1615 3825 antro
1628 3769 1710 3827 Urbis
1724 3787 1805 3841 otttt,
1823 3774 1869 3829 Li-

217 3843 327 3899 ridetur
346 3839 377 3897 P.
397 3839 567 3909 Terentium,
584 3851 677 3912 postea
691 3841 852 3911 scriptorem
869 3841 1015 3910 eonticnnr,
1070 3844 1131 3899 sins
1144 3843 1215 3897 libro
1230 3857 1293 3896 xxx.
1307 3840 1389 3897 Fano.
1603 3866 1605 3869 >

215 3927 251 3971 ex
263 3911 412 3979 nobilibus,
426 3912 469 3967 rel
483 3919 513 3967 ut
524 3912 647 3982 quadarn
660 3912 722 3967 edd.
738 3911 848 3977 ltabcnt,
863 3927 895 3968 et
908 3913 1017 3967 stabilis·
1105 3916 1132 3969 5.
1145 3911 1179 3967 ln
1191 3913 1321 3967 ancilium
1333 3914 1366 3965 ei.
1387 3911 1455 3967 Tres
1480 3926 1513 3967 ex
1528 3911 1614 3982 Lugd.
1637 3910 1709 3965 Bait.
1722 3926 1782 3967 cum
1796 3912 1866 3971 coit.

215 3984 290 4041 tiaris
302 3980 565 4055 Carthaginiensium
576 3982 825 4052 luissecaptiris,et
834 3984 942 4054 qnidcrn
955 3994 1018 4041 ante
1069 3983 1190 4040 Gronov.
1210 3986 1216 4039 l
1255 3992 1317 4050 ttnt,
1329 3984 1374 4054 gni
1387 3982 1414 4035 in
1425 3982 1526 4036 ancilia
1537 3983 1594 4053 cjns
1604 3991 1734 4037 reumont.

216 4054 404 4124 triumpltum,
428 4054 560 4111 seruitute
577 4065 732 4125 exemptum
753 4064 781 4109 ct
793 4052 919 4110 libertate
932 4054 1016 4110 dona·
1104 4056 1132 4111 6.
1152 4054 1219 4110 Victi
1246 4054 1398 4107 lacertosos.
1415 4052 1542 4109 Pralium
1559 4053 1701 4124 intelligit,
1730 4069 1784 4126 quo
1798 4055 1865 4113 Plri-

215 4134 288 4191 tum,
299 4136 379 4197 atque
389 4124 452 4182 ideo
462 4125 595 4197 Scipionis
607 4124 788 4182 benefactoris
798 4140 907 4181 currum
920 4125 1017 4180 trium·
1068 4126 1172 4197 lippus,
1185 4141 1233 4182 rex
1256 4123 1451 4191 Macedonum,
1477 4125 1510 4178 ad
1525 4124 1761 4196 Cynoscepbalas,
1777 4130 1866 4185 victus

216 4196 327 4270 piaton
345 4208 468 4253 secutum
489 4197 583 4253 luisse.
604 4196 685 4268 Nam,
707 4197 742 4261 si,
765 4206 793 4252 nt
807 4199 954 4268 glossema,
969 4199 1015 4252 iila
1067 4205 1110 4253 est
1121 4214 1135 4252 a
1147 4196 1180 4253 Τ.
1194 4196 1329 4266 Quinctio.
1341 4196 1418 4264 Quod
1434 4194 1537 4251 aLitiu
1557 4197 1709 4265 expositum
1724 4196 1773 4251 luit
1785 4199 1864 4256 initio

218 4279 323 4325 tantum
348 4268 484 4332 tollamus,
503 4267 548 4337 qai
566 4279 655 4339 parson
674 4270 798 4333 comicus,
819 4278 960 4324 retnanrnt
977 4279 1016 4323 ta·
1066 4269 1129 4324 libri
1144 4285 1247 4333 xrsttt,
1263 4267 1310 4323 scd
1336 4281 1398 4322 curn
1415 4266 1452 4321 ibi
1465 4282 1520 4321 nort
1534 4267 1594 4321 sine
1613 4267 1718 4334 jactura
1741 4268 1864 4324 ltistorisu

216 4354 293 4405 men,
304 4353 364 4410 utta
374 4340 445 4395 male
455 4338 605 4401 roborent,
618 4340 713 4406 uerba,
725 4355 757 4393 ec
768 4338 895 4394 trabilibus
905 4336 1015 4393 Curtito-
1067 4340 1252 4407 interciderit,
1268 4340 1294 4393 in
1306 4337 1412 4410 Polybii
1428 4337 1584 4408 fragmentis
1603 4338 1673 4392 libro
1697 4337 1804 4396 decimu
1818 4355 1865 4396 se·

216 4410 375 4495 ginierrn‘nm
393 4410 510 4483 captiuis.
532 4408 564 4478 Q.
587 4410 730 4467 Terentius
751 4410 845 4467 Culleo
865 4413 950 4477 eninr,
972 4411 1015 4466 cui
1067 4414 1152 4482 ptimo
1167 4408 1295 4481 singulari
1310 4406 1443 4464 beneficio
1455 4416 1644 4463 conservatum
1656 4407 1775 4465 cst.'Ubi
1790 4411 1863 4479 tguod

216 4484 263 4539 tila
276 4481 403 4548 Felicitas,
416 4481 487 4552 apud
499 4481 606 4537 Liuium
617 4490 646 4537 et
656 4481 735 4548 alias,
746 4482 893 4550 contigisse
904 4482 1014 4550 dicitur,
1065 4498 1080 4535 a
1094 4481 1205 4553 Polybio
1218 4480 1348 4548 scriptum
1363 4478 1475 4534 Orosius
1496 4478 1600 4543 rciert,
1621 4480 1660 4533 sic
1681 4479 1778 4544 legitur
1791 4521 1798 4544 ,
1814 4490 1864 4536 τῶν

216 4568 273 4610 tion
288 4552 445 4624 potestdici
460 4552 588 4609 fuisseex
603 4551 1014 4623 nobilibusCarthaginiettsittttt
1066 4551 1093 4608 bl
1113 4551 1261 4610 Macedonum
1281 4551 1404 4605 antibaren
1419 4552 1463 4620 μὲν
1489 4552 1512 4604 ai
1532 4553 1626 4611 πάντες
1652 4552 1687 4609 sic
1708 4552 1863 4623 ὀκτακισχί-

217 4626 343 4696 captivis,
359 4624 420 4690 auia
434 4623 484 4678 tuit
497 4638 530 4680 ex
541 4624 655 4694 captivis
670 4625 852 4679 ltontanorttnt
865 4624 935 4693 npnd
950 4622 1015 4679 Car·
1065 4624 1134 4685 innoc
1151 4627 1271 4699 ,ζωγρείᾳ
1283 4620 1305 4676 δ’
1319 4621 1432 4676 ἑάλωσαν
1446 4622 1490 4673 οὐκ
1504 4622 1622 4682 ἐλάττους
1636 4623 1861 4692 πεντακισχιλίων.

216 4696 413 4767 tlraginienses,
427 4697 466 4750 sic
486 4696 558 4749 enim
581 4694 692 4750 Noniani
704 4695 798 4766 captiui
813 4696 839 4748 in
854 4693 957 4750 Gracia
970 4710 1016 4750 oc·
1065 4694 1140 4749 idem
1152 4705 1422 4748 rtnrrteruscaesorttm
1437 4691 1558 4760 cstapud
1575 4690 1758 4746 Plutarchum.
1775 4692 1861 4749 Fusa.

217 4776 333 4824 currunt
353 4780 413 4835 cap.
434 4780 510 4837 sequ.
528 4767 663 4822 Praeterea
678 4774 741 4821 tnnc
757 4765 826 4821 iuret
839 4766 1011 4821 scribendum
1025 4777 1054 4839 1)
1102 4763 1180 4819 ¹1.Fa
1195 4765 1237 4817 dte
1256 4779 1332 4817 coeaa.
1348 4761 1394 4816 Sic
1414 4775 1481 4817 mss.
1504 4761 1630 4817 meliores
1653 4763 1863 4830 sex,ridelicet

216 4846 337 4910 recepto,
351 4837 405 4904 rel,
419 4846 447 4891 ut
458 4851 518 4907 cap.
530 4852 620 4910 sequ..
634 4838 750 4905 deterso,
764 4852 818 4890 non
831 4851 895 4890 vero
906 4835 1013 4891 intinitoe
1066 4835 1200 4891 Florenti.
1215 4841 1290 4897 tres,
1316 4832 1458 4897 Perizon,
1484 4831 1560 4887 licus
1583 4840 1611 4887 et
1629 4847 1698 4888 unns
1720 4848 1755 4889 ex
1772 4833 1859 4905 Lugd.

217 4909 355 4977 libertatis,
371 4908 493 4963 Numano
513 4912 585 4965 enim
605 4908 742 4963 Numanus
759 4905 909 4963 libertatern
924 4906 1015 4963 indul·
1066 4908 1137 4963 Nati.
1152 4905 1315 4977 astipulante
1329 4902 1398 4959 coit.
1415 4902 1533 4959 Gronov.
1551 4901 1622 4968 Alii,
1650 4903 1748 4957 codena.

235 4995 284 5037 erc
301 4994 355 5035 uon
375 4987 491 5048 poterat,
511 4994 571 5051 gntae
588 4979 625 5034 illi
644 4978 739 5036 codetn
757 4979 818 5049 jure
837 4993 891 5048 qtrn
905 4978 968 5045 sibi,
985 4988 1014 5033 ut
1103 4978 1130 5035 8.
1146 4976 1263 5047 Quingnc
1274 4974 1357 5030 taillia
1370 4985 1457 5045 capta.
1473 4975 1607 5030 Numerus
1620 4988 1752 5030 casarum
1768 4975 1795 5032 in
1809 4976 1861 5032 tri-

216 4996 354 5117 ilomano,
368 5051 550 5121 ctttnpctebat,
565 5052 612 5108 sed
634 5049 717 5105 heros
737 5064 817 5106 serra
829 5047 969 5119 indulgere
983 5049 1015 5103 li·
1066 5050 1117 5106 bus
1131 5063 1197 5104 mss.
1222 5046 1418 5104 recentioribus
1433 5062 1541 5109 nancto,
1563 5052 1705 5115 captarunt
1732 5064 1779 5102 sea
1800 5049 1863 5105 mil·

216 5122 351 5180 bertatctn
367 5122 447 5189 solet,
464 5120 740 5179 etsiemnnnnrissus
755 5121 803 5177 init
820 5118 852 5176 P.
867 5119 1014 5176 Terentius
1067 5120 1138 5177 libus
1164 5119 1308 5182 delinitur,
1334 5116 1382 5173 scd
1408 5127 1504 5173 contra
1530 5116 1682 5188 Polybium.
1708 5116 1784 5189 lior,
1809 5135 1860 5191 pro

215 5193 265 5251 ille
293 5194 339 5264 qui
354 5204 445 5264 postea
460 5194 591 5250 comicus.
1066 5191 1170 5246 rietatis
1183 5232 1191 5257 ,
1206 5189 1267 5245 cod.
1280 5188 1400 5245 Perizon.
1414 5229 1421 5254 ,
1433 5188 1569 5242 uictarum.

252 5237 321 5323 (iar.
336 5263 398 5320 itit.
421 5294 458 5306 -
474 5265 500 5320 l.
526 5265 600 5320 Anao
623 5263 655 5320 ab
681 5262 866 5320 iirbccondita
879 5278 968 5319 nturi.
984 5261 1014 5318 ln
1105 5262 1133 5319 b.
1154 5259 1241 5334 igitur
1260 5260 1442 5341 Serrtpronins.
1458 5258 1490 5342 C..
1513 5260 1690 5341 Sempronius
1710 5259 1861 5318 Tuditanus

216 5335 310 5393 Fastis
332 5333 492 5406 Capitolinis
521 5335 566 5391 lric
591 5352 678 5392 annus
698 5344 741 5392 est
760 5336 803 5390 ab
819 5333 892 5390 Urbe
907 5334 1016 5390 condita
1069 5341 1183 5405 praetor,
1196 5333 1223 5387 in
1235 5332 1365 5387 citeriore
1376 5331 1502 5401 litspanta
1513 5333 1608 5400 praelto
1621 5333 1721 5396 rictas,
1737 5348 1770 5387 ex
1784 5334 1862 5403 grari

218 5422 283 5465 nott.
311 5406 416 5463 bellurn
445 5417 534 5463 autem
561 5409 678 5478 primum
701 5405 917 5471 Macedonicum,
944 5405 1016 5488 qnod
1068 5405 1181 5461 uulnere
1204 5403 1277 5459 baud
1293 5405 1330 5459 ita
1356 5400 1441 5456 multo
1457 5409 1520 5471 trost
1539 5401 1697 5471 exspiravit,
1714 5403 1805 5457 Lirios
1826 5404 1861 5455 li·

218 5480 272 5536 boc
287 5492 360 5534 anno
374 5478 488 5534 itomani
509 5486 704 5550 susceperunt,
729 5477 811 5534 etiam
837 5474 1018 5547 Piriiipprcnm
1068 5476 1119 5532 bro
1131 5490 1228 5529 rxrnt.
1252 5475 1392 5546 appianus
1406 5474 1432 5528 io
1446 5472 1600 5544 liispanicis
1613 5474 1796 5544 Serapioninnr
1806 5470 1862 5526 Tu·

218 5565 328 5622 aroge,
345 5552 453 5621 quicum
469 5559 575 5621 gestum
591 5559 648 5617 est,
664 5547 835 5613 nominatur,
858 5548 892 5604 tle
904 5563 957 5619 qno
972 5547 1018 5603 Li·
1068 5547 1198 5602 destinatas
1212 5545 1339 5616 appellat.
1358 5542 1379 5600 F
1381 5560 1441 5599 ton.

218 5622 283 5679 rius
302 5622 352 5677 lib.
372 5637 436 5677 uxr
451 5631 478 5676 et
500 5621 646 5693 deinceps,
671 5620 769 5678 Florus
789 5618 836 5675 lib.
861 5634 881 5674 tt
899 5634 959 5689 cap.
983 5620 1016 5688 7,
1106 5618 1150 5673 lb.
1171 5615 1271 5671 Consul
1291 5615 1442 5670 liarceilns.
1466 5614 1500 5669 bl.
1526 5615 1656 5672 Claudius
1671 5612 1816 5669 liarcellns
1835 5620 1865 5668 ct

220 5692 371 5760 Eutropius
386 5708 422 5747 tr.
438 5691 459 5746 F
461 5708 522 5749 aaa.
1070 5688 1103 5746 L.
1117 5687 1216 5743 Furius
1231 5689 1375 5758 Purpureo
1391 5688 1516 5743 eottsulcs
1529 5687 1638 5742 luerunt
1649 5700 1720 5739 atino
1734 5684 1863 5765 onrt·t,·itt

256 5763 286 5819 2.
303 5763 381 5831 Quod
397 5764 533 5831 Qnirretins
557 5762 734 5820 Ftntnininns.
757 5760 790 5818 F.
820 5761 968 5830 Quinctios.
984 5759 1016 5816 F.
1071 5774 1158 5833 coque
1173 5759 1332 5831 nargistratn
1354 5774 1413 5818 tem
1432 5759 1459 5817 itt
1475 5757 1583 5819 Etruria
1599 5766 1753 5829 gesserunt,
1768 5753 1862 5816 Ltttns

221 5832 259 5892 F.
277 5834 311 5890 L.
326 5833 363 5892 tt.
380 5832 404 5889 F
407 5835 548 5891 laminiana
564 5850 620 5892 cos.
644 5835 670 5890 in
684 5833 775 5890 Fastis
797 5834 957 5905 Capitolinis
976 5832 1018 5886 in·
1071 5831 1117 5893 ttb.
1135 5845 1229 5890 xxxttt.
1247 5830 1329 5890 Fato.

222 5906 486 5968 tenitnrannonsr.
502 5906 528 5965 is
549 5910 661 5963 sortitns
674 5905 859 5965 Macedoniam
883 5904 1018 5966 adsersus

425 6002 564 6075 Parnon.
582 6002 706 6072 xxiii.
1149 5999 1153 6007 “
1579 5990 1630 6059 Q
