4192 6434
1437 423 1914 485 ntsrontantnt
1951 424 2161 484 steen
2205 389 2313 483 vn.
2352 423 2508 482 car.
2550 421 2740 481 xxw.

3599 420 3741 480 tm

426 552 660 599 octavus
680 540 960 598 voluntate
981 546 1203 597 senatus
1224 540 1463 613 sumpsit
1481 541 1797 613 imperium,
1817 538 2034 596 statim·
2056 545 2110 609 Α
2137 541 2435 608 Tetricum,
2482 540 2536 597 iu
2567 537 2743 596 Gallia
2793 536 3020 595 minime
3058 534 3423 613 sufficientem
3472 537 3741 595 sustinere

424 650 535 707 qne
547 634 950 709 521Gotltos,
968 634 1115 705 ’jam
1132 649 1227 705 per
1241 634 1741 708 annosquindecim
1758 635 2034 708 Illyricum
2137 632 2437 692 seditiones
2466 630 2699 688 militum
2721 645 2970 701 suorum,
2995 629 3436 716 scribentemque
3463 628 3667 698 etiam,

427 728 917 799 Macedoniamque
951 734 1234 784 vastantes
1259 726 1410 784 bello
1437 727 1698 795 adortus,
1729 724 2035 784 incredibili

425 829 615 892 strage
633 817 860 885 delevit,
887 817 974 875 eui
1002 833 1034 874 a
1055 827 1254 875 senatu
1285 818 1515 890 clypeus
1544 832 1611 873 au
1623 833 1748 875 reus
1778 819 1832 874 in
1856 817 2033 884 curia,

435 918 495 971 et
522 912 579 968 in
605 910 886 984 Capitolio
913 910 936 943 ⁸
964 920 1141 968 statua
1166 927 1326 981 aequc
1367 926 1534 968 aurea
1564 910 1782 968 decreta
1808 896 1918 980 cst,
1941 907 2036 966 scd

426 1006 697 1066 contiuuo
728 1006 875 1080 apud
895 1007 1180 1076 Sirmium,
1216 1007 1532 1080 priusquam
1552 1006 1833 1063 biennium
1862 1006 1915 1061 in
1938 1005 2039 1061 im-

428 1102 591 1176 perio
630 1100 902 1174 expleret,
953 1100 1147 1158 morbo
1194 1111 1480 1173 correptus
1528 1099 1759 1157 interiit.
1808 1097 2037 1154 Claudio

429 1203 673 1266 mortuo,
704 1194 1003 1264 Quintillus
1025 1196 1195 1252 irater
1218 1193 1341 1265 ejus
1368 1194 1439 1251 ab
1466 1192 1711 1251 exercitu
1739 1192 2038 1264 imperator

426 1288 671 1359 electus,
705 1286 789 1344 vir
836 1285 1058 1373 quidem
1111 1286 1292 1344 unicae
1345 1285 1758 1354 moderationis,
1804 1294 1861 1341 et
1890 1285 2043 1340 solus

426 1380 587 1439 fratri
612 1381 1015 1455 praeferendus,
1042 1382 1280 1453 septimo
1303 1381 1520 1438 decimo
1551 1381 1574 1413 ⁸
1603 1377 1818 1451 imperii
1838 1379 1931 1436 die
1958 1379 2045 1436 in·

431 1476 700 1535 terfectus
727 1484 837 1534 est.
870 1478 1028 1534 Anno
1058 1476 1129 1532 ab
1172 1475 1318 1533 Urbe
1345 1475 1565 1532 condita
1605 1489 1832 1540 ttxxvu,
1861 1474 1883 1506 ⁸
1926 1475 2044 1529 Au·

428 1570 699 1639 relianus,
726 1570 1024 1643 vigesimus
1057 1584 1236 1627 nonus
1273 1569 1437 1644 522
1465 1567 1753 1640 imperium
1782 1566 2040 1639 adeptuS,

2385 791 2407 824 ⁹
2440 789 2591 855 Eripe
2610 801 2691 840 me
2715 789 2812 854 his,
2836 788 3037 852 invicte,
3062 787 3224 853 malis,

2140 932 2206 975 ae
2234 933 2333 989 pcr
2361 916 2466 974 hoe
2491 917 2827 988 proditorem
2850 915 3127 973 exercitus
3154 917 3262 985 sui,
3284 915 3405 974 siue
3431 916 3621 975 labore
3649 933 3742 974 su-

2142 1011 2373 1081 peravit.
2406 1009 2500 1067 Sic
2528 1009 2769 1067 Orientis
2800 1017 2858 1066 et
2909 1008 3198 1080 Aquilonis
3242 1019 3498 1081 receptor
3545 1026 3744 1082 magna

2140 1106 2313 1179 gloria
2346 1105 2695 1176 triumphavit
2738 1122 2755 1161 ε
2799 1106 2842 1138 ¹⁰
2870 1106 3060 1162 urbem
3090 1105 3317 1163 Romam
3342 1107 3514 1163 muris
3535 1106 3743 1162 tirmio—
3814 1112 3822 1117 '

2141 1199 2294 1257 ribus
2320 1199 2514 1257 cinxit.
2544 1197 2875 1267 Novissime,
2919 1213 3043 1255 cum
3091 1199 3524 1271 persecutionem
3548 1199 3746 1256 adver-

2143 1308 2238 1350 sus
2264 1291 2608 1350 Christianos
2634 1291 2675 1325 ¹¹
2707 1291 2821 1363 agi,
2853 1305 3033 1348 nonus
3063 1305 3096 1346 a
3142 1290 3362 1348 Nerone
3398 1290 3745 1357 decerneret,

2145 1383 2349 1443 fulmen
2405 1392 2535 1441 ante
2578 1399 2704 1441 cum
2757 1394 2957 1455 magno
3018 1397 3220 1454 pavore
3277 1381 3747 1440 circumstantium

2143 1477 2273 1546 ruit,
2306 1490 2372 1533 ac
2393 1491 2500 1534 non
2530 1477 2705 1533 multo
2733 1485 2858 1546 post
2886 1475 2942 1531 in
2967 1473 3167 1532 itinere
3195 1475 3413 1532 occisus
3439 1483 3547 1533 est.

2610 1589 2773 1664 523
2809 1587 3042 1646 CAPUT
3079 1587 3276 1646 xxtv.

431 1661 677 1737 111111111119
700 1665 865 1721 11111113
889 1672 946 1722 91
974 1679 1074 1721 ³⁶¹
1094 1659 1594 1727 111811511111318111111ν
1620 1662 1703 1717 ‘'3''
1725 1661 1746 1693 ⁸
1773 1659 2042 1717 111111151113
2146 1679 2401 1738 Claudius
2432 1679 2669 1748 Tacitus,
2716 1681 2921 1737 Annius
2956 1679 3263 1748 Florianus,
3294 1683 3539 1738 Aurelius
3582 1682 3736 1740 Vale-

429 1758 662 1816 militari
691 1757 1208 1816 excellentissimus.
1257 1754 1623 1826 Expeditione
1646 1754 1699 1810 iu
1732 1754 2042 1810 Danubium
2216 1753 2329 1810 rius
2356 1750 2586 1823 Probus,
2616 1762 2666 1808 et
2691 1752 2770 1807 Μ.
2801 1753 3040 1809 Aurelius
3060 1752 3223 1809 Carus
3251 1755 3604 1826 imperatores.

430 1860 689 1922 suscepta
726 1849 939 1908 Gothos
976 1849 1189 1922 magnis
1229 1847 1470 1920 praeliis⁷
1526 1847 1855 1920 profligavit,
1877 1846 2045 1902 ditio·
2227 1845 2387 1901 Anno
2414 1845 2485 1900 ab
2513 1843 2659 1902 Urbe
2682 1844 3145 1916 conditauxxxu,
3185 1847 3202 1878 ²
3231 1846 3490 1916 Tacitus,
3524 1849 3749 1919 trigesi-

431 1957 671 2015 nemque
697 1934 1002 1999 Romanam
1032 1940 1271 2012 antiquis
1300 1939 1549 1997 terminis
1576 1938 1787 1995 statuit.
1817 1938 1950 1995 lnde
1979 1939 2032 1994 in
2067 1936 2117 1996 B
2145 1952 2266 1993 mus
2289 1936 2520 2009 adeptus
2542 1937 2853 2009 imperium,
2879 1946 3038 1996 sexto
3054 1953 3244 1997 mense
3267 1940 3483 1996 occisus
3504 1940 3558 1996 in
3577 1941 3753 1997 Ponto

434 2033 716 2093 orientem
743 2047 1067 2100 conversus,
1090 2031 1412 2098 Zenobiam,
1436 2047 1561 2104 qum
1581 2030 1764 2088 occiso
1791 2030 2038 2087 Odenato
2151 2038 2262 2085 est.
2295 2028 2429 2085 Post
2466 2042 2628 2100 quem
2679 2028 2966 2087 Florianus
3009 2045 3193 2100 parem
3226 2031 3382 2101 regni
3412 2040 3623 2089 sortem
3673 2034 3754 2090 le·

434 2129 636 2189 marito
659 2142 783 2197 suo,
797 2127 1012 2200 Syriam
1046 2137 1325 2199 receptam
1347 2125 1453 2183 sibi
1480 2123 2039 2194 vindicabat,⁸magis
2147 2135 2302 2192 rens,
2335 2120 2498 2178 tertio
2528 2121 2749 2178 demum
2780 2136 2970 2180 mense
2996 2122 3141 2194 apud
3169 2121 3400 2180 Tarsum
3431 2123 3754 2183 interfectus

432 2219 611 2297 praelii
640 2228 854 2279 terrore
887 2233 1052 2292 quam
1081 2217 1276 2292 proelio
1324 2217 1381 2274 iu
1432 2223 1759 2290 potestatem
1803 2215 2033 2286 redegit.
2148 2220 2254 2270 est.
2278 2213 2440 2272 Anno
2460 2211 2530 2271 ab
2560 2212 2712 2274 Urbe
2739 2212 2966 2272 condita
2994 2230 3229 2284 uxxxtu,
3260 2215 3497 2289 Probus,
3540 2216 3757 2290 trigesi-

1753 2343 2208 2405 ttavssncnupt
2245 2345 2479 2405 NOTAE.

481 4000 488 4005 -
521 4034 581 4089 2.
620 4032 746 4090 lam
767 4051 858 4105 per
885 4050 1078 4090 anuos.
1113 4031 1225 4089 Vox
1255 4028 1432 4102 prima
1465 4026 1623 4086 abest
1644 4024 1716 4083 ab
1743 4026 1881 4097 Aug.
1916 4023 2049 4081 edit.

523 4105 582 4161 5.
623 4105 818 4163 Statua
845 4121 995 4178 oeque
1018 4121 1199 4160 aurea.
1228 4100 1404 4174 Lugd.
1435 4098 1581 4156 Bau.
1606 4107 1736 4164 tres,
1764 4111 1889 4151 eum
1909 4094 2048 4152 Coll.

2077 3848 2127 3916 C

2150 2463 2326 2522 Pollio
2348 2465 2404 2522 in
2429 2463 2787 2550 Vita-Claudii
2805 2482 2929 2540 cap.
2960 2469 3024 2524 5:
3056 2468 3148 2525 Illi
3177 2468 3390 2542 clypeus
3410 2487 3624 2541 aureus,
3646 2470 3751 2539 vel,

2157 2536 3505 2691 5‘5132‘3'3322‘52.¹‘1’5¹0“.252;222familiam&
3523 2553 3756 2672 :52:222

2156 2693 2294 2733 nunc
2321 2679 2548 2736 indetur.
2576 2678 2664 2736 Ex
2701 2699 2843 2738 rma
2866 2684 3073 2741 thorace
3097 2686 3276 2745 vultus
3302 2693 3416 2759 eius
3443 2691 3636 2762 imago.
3659 2689 3756 2745 Illi

2156 2748 2321 2873 {11qu
2350 2750 2486 2833 igniti
2508 2698 2713 2836 auteaq·
2736 2755 2966 2825 populus
3004 2754 3274 2815 Romanas
3313 2770 3524 2830 sumptu
3547 2778 3663 2829 suo,
3700 2760 3758 2816 iu

2197 2820 2436 2891 apetolto,
2458 2830 2579 2878 ante
2593 2820 2738 2878 Jovu
2762 2823 2963 2896 Optimi
2989 2825 3214 2884 Maximi
3229 2831 3501 2903 templum,
3528 2840 3758 2888 statuam

2157 2898 2372 2946 auream
2398 2892 2573 2948 decem
2605 2894 2793 2960 pedum
2818 2895 3111 2958 collocavit.

2225 2962 2285 3017 4.
2326 2961 2547 3032 Imperii
2568 2964 2674 3018 die.
2703 2962 2924 3039 Imperii
2945 2966 3133 3025 delent
3159 2968 3412 3030 Periz.et
3431 2971 3609 3046 Lugd.
3633 2972 3756 3031 Bat-

2159 3037 2287 3088 tert.
2319 3047 2444 3090 cnm
2474 3033 2612 3090 Coll.
2643 3034 2916 3104 Gronov.;
2949 3040 3032 3094 sui
3055 3040 3204 3100 addit
3228 3042 3320 3099 ed.
3355 3045 3497 3116 Aug.

2227 3101 2283 3157 5.
2325 3104 2661 3160 Aurelianus.
2692 3105 2850 3163 llunc
2878 3109 3020 3166 inter
3040 3109 3486 3171 bellicosissimos
3517 3115 3758 3185 impera-

2158 3180 2306 3228 tores
2363 3173 2535 3230 Roma
2583 3179 2911 3234 numeravit.
2963 3178 3224 3238 Possideo
3276 3183 3439 3254 liujus
3492 3185 3754 3256 principis

2157 3256 2436 3326 nummum
2465 3246 2714 3304 Graecum
2743 3249 2965 3304 maximi
3015 3251 3219 3308 moduli
3269 3254 3429 3324 plane
3455 3255 3758 3326 insignem,

2158 3327 2262 3368 tust
2290 3315 2470 3373 labem
2502 3324 2775 3376 vetustate
2802 3326 2859 3375 et
2907 3320 3149 3392 aerugine
3172 3323 3406 3396 aliquam
3437 3340 3632 3397 passus
3660 3342 3754 3384 cs-

2155 3390 2263 3467 set.
2295 3384 2353 3442 ln
2385 3395 2540 3457 parte
2607 3390 2751 3447 riorc
2778 3389 3024 3448 cernitur
3046 3392 3268 3452 bustum
3317 3397 3630 3467 Aureliani,
3661 3412 3754 3453 ca-

2157 3465 2268 3525 pue
2296 3457 2527 3531 radiato,
2599 3465 2760 3518 extra
2790 3476 2952 3518 manu
2998 3462 3165 3535 elata,
3204 3466 3340 3524 laeva
3386 3468 3606 3540 globum
3666 3477 3752 3524 te·

2157 3539 2316 3596 nens,
2376 3529 2728 3615 aludamento
2754 3546 2787 3587 a
2838 3542 3068 3605 pectore
3092 3544 3258 3606 atque
3299 3537 3545 3597 humeris
3578 3537 3751 3597 dellu-

2154 3608 2304 3656 eute.
2371 3616 2404 3656 x
2430 3610 3096 3675 mscrtpttoucsupersuut
3122 3605 3319 3667 litterae
3324 3648 3614 3668 .........
3636 3625 3756 3667 ata-

2155 3682 2256 3727 noc
2276 3683 2404 3728 nr.
2426 3713 2444 3740 ,
2475 3673 2790 3730 Aurelianus
2818 3674 2862 3730 A
2973 3685 3098 3733 stus.
3152 3677 3286 3736 Pars
3327 3681 3498 3738 altera
3546 3680 3755 3738 nummi

2156 3736 2300 3797 haud
2332 3742 2511 3801 miuus
2540 3751 2625 3802 est
2650 3744 2896 3814 spectabi
2920 3749 2965 3803 is
2989 3789 3007 3815 ,
3035 3750 3091 3804 in
3130 3763 3195 3805 ea
3231 3751 3379 3808 enim
3427 3751 3760 3808 Aurelianus

2156 3816 2372 3892 togatus
2397 3827 2522 3871 cum
2551 3827 2724 3872 uxore
2748 3815 3019 3887 dextram,
3051 3831 3147 3875 ara
3169 3819 3514 3891 intermedia,
3537 3820 3760 3894 jungit;

2154 3893 2212 3937 tn
2237 3883 2466 3941 circuitu
2496 3887 2582 3942 luc
2624 3886 2879 3956 leguntur
2917 3887 3144 3957 litterae,
3180 3900 3288 3947 Υῐιο
3318 3903 3606 3950 τεινιῪΛΛ.
3629 3931 3644 3947 .
3665 3932 3679 3946 .
3699 3933 3715 3948 .
3741 3929 3760 3948 .

2145 3987 2162 4005 .
2293 3990 2310 4009 .
2335 3996 2350 4011 .
2372 3993 2389 4011 .
2413 3963 2520 4016 nn.
2570 3970 2694 4029 quzc
2731 3955 3039 4027 significant
3082 3959 3179 4016 aab
3226 3960 3465 4018 Tertullo
3496 3964 3584 4019 vel
3631 3961 3758 4020 Ter-

2162 4024 2387 4108 tulliano
2410 4028 2671 4100 quodam,
2694 4027 2750 4082 in
2786 4028 2922 4085 urbe
2947 4028 3161 4098 Graeca,
3190 4032 3348 4104 cujus
3379 4034 3501 4091 duae
3543 4041 3763 4119 postre-

2160 4110 2264 4151 mae
2291 4097 2492 4157 luterae
2520 4106 2730 4157 tantum
2761 4097 2866 4173 legi
2892 4110 3142 4173 possunt,
3172 4118 3457 4164 nummum
3482 4104 3660 4166 luisse
3685 4106 3764 4165 si-

449 4177 710 4236 Grottov.
728 4220 746 4249 ,
769 4185 942 4236 statua
962 4176 1213 4249 equestris
1228 4187 1409 4230 aurea.
1429 4168 1540 4230 Sed
1557 4168 1725 4228 male.
1747 4165 2052 4228 Trebellius
2159 4177 2405 4240 gnatum.

537 5429 595 5486 6.
635 5427 909 5487 Industria
935 5428 1158 5486 militari
1185 5426 1675 5485 excellentissimus.
1709 5429 1885 5515 Lngd.
1917 5429 2062 5487 Batt.

459 5507 703 5572 quatuor
721 5509 779 5559 et
803 5500 929 5558 cod.
957 5499 1132 5568 Ultr.,
1159 5515 1285 5558 cum
1316 5500 1454 5559 Goll.
1486 5499 1726 5557 Gronov.
1743 5542 1759 5572 ,
1790 5501 2070 5560 industria:

461 5570 715 5628 miliaria
737 5571 1144 5655 expertissimus.

541 5640 599 5699 7.
637 5639 975 5718 Profieqaait.
1006 5640 1146 5699 Eud.
1246 5641 1419 5699 aedam
1444 5650 1584 5701 vett.
1610 5687 1627 5712 ,
1654 5646 1956 5712 prostravit.

503 5776 508 5781 ,
541 5710 601 5767 8.
641 5710 816 5786 Παρία
839 5712 1028 5784 prelii.
1055 5656 1394 5785 tuffam.
1418 5723 1656 5787 quatuor
1678 5725 1737 5774 et
1754 5716 1879 5773 cod.
1897 5716 2067 5787 Ultr.,

463 5795 596 5909 a?
617 5782 762 5909 egli.
789 5783 1033 5842 Gronov.
1054 5826 1072 5854 ,
1101 5786 1267 5857 mais
1287 5787 1614 5858 proeliorum.

832 5871 913 5911 ute
939 5855 1047 5912 itis.
1078 5854 1224 5928 Lege
1251 5855 1555 5913 Pollionem
1586 5859 1641 5913 in
1663 5857 1867 5915 Tetrici
1889 5867 2074 5932 tyran-

467 5920 532 5987 1ιὶ
559 5923 691 5985 vita.
763 5941 889 5987 m.
921 5925 1090 5986 -ssx
1121 5924 1271 6000 virg.
1303 5926 1526 5988 AEneid.
1557 5944 1632 6002 vt,
1654 5929 1785 6002 563,
1811 5928 2076 6005 desump-

2092 5434 2149 5498 1)
2173 5438 2312 5489 tum.

2249 5503 2342 5561 ¹0.
2387 5500 2579 5569 Urbem
2606 5499 2850 5556 Romam.
2887 5498 3178 5569 Perizon„
3221 5500 3498 5572 artemque
3526 5499 3772 5562 Romam.

2248 5573 2339 5634 ΙΙ.
2380 5572 2499 5646 Aqi.
2527 5571 2699 5630 Abest
2723 5586 2755 5628 a
2784 5570 2960 5642 Lugd.
3012 5572 3160 5632 Batt.
3192 5582 3424 5646 quatuor
3440 5579 3606 5641 atque
3629 5572 3773 5632 Goll.

2175 5644 2418 5703 Gronov.
2447 5651 2504 5701 et
2525 5642 2717 5701 abesse
2752 5651 2950 5714 potest.

2249 5716 2382 5773 Car.
2411 5712 2607 5772 xxw.
2628 5715 2766 5772 —t.
2808 5713 3040 5771 Tacitus.
3067 5713 3266 5781 Taciti,
3289 5710 3526 5770 Floriani
3582 5712 3774 5783 Probi,

2179 5786 2485 5868 Saturnini,
2528 5785 2746 5844 Proculi
2781 5795 2839 5843 et
2867 5785 3061 5842 Bonosi
3101 5786 3229 5839 vitae
3253 5798 3287 5839 ι
3315 5782 3508 5842 Flavio
3535 5756 3779 5861 vopisco

2180 5856 2469 5932 descriptae
2497 5865 2714 5915 exstant
2741 5875 2754 5913 :
2784 5871 2924 5929 quas
2953 5855 3101 5927 lege.
3129 5854 3308 5913 Fun.
