4192 6434
256 347 311 408 185
776 342 893 405 chetti
912 339 1003 403 hbttt
1022 337 1154 400 bsxtht
1171 336 1379 399 chhohtcbb.
1437 332 1440 337 ’
1856 328 1904 393 itt

256 463 293 521 tl.
307 462 339 523 C.
355 461 401 524 cb.
433 464 540 526 Eodem
553 474 750 538 temporeeum
760 458 954 518 convenissent
968 457 996 515 in
1011 455 1198 513 cherronensi
1218 454 1286 512 urhe
1302 468 1386 526 prope
1400 451 1552 512 latentiam
1571 450 1600 510 in
1616 446 1907 524 manutenebit.

474 557 589 615 Concilii
603 568 696 621 musa,
717 551 804 608 saneti
815 549 970 622 pontifices,
986 547 1115 620 discipuli
1135 561 1245 620 qnoque
1263 546 1293 604 S.
1307 544 1402 603 laeohi
1416 544 1546 618 apostoli,
1559 544 1676 602 Basilius
1693 543 1767 602 Car·

477 652 596 726 thaginis
609 644 919 724 spartariediseiputus
940 645 1001 716 ejus
1018 643 1137 716 primus,
1153 641 1291 714 Eugenius
1306 640 1480 711 Valentinus,
1505 640 1571 699 Pius
1585 639 1768 716 Hispalensis,

870 778 1001 838 stthhtt
1018 776 1303 839 COMMENTARIUS.

259 891 326 959 duc,
342 885 487 944 doctrinam
499 880 573 937 Petri
594 888 620 936 et
638 878 718 934 Pauli
728 873 923 951 predicabant,·
935 874 970 928 ad
983 872 1063 928 Chri-
1076 875 1101 936 A
1116 874 1189 930 lania
1200 889 1266 930 vero
1275 873 1306 931 S.
1320 874 1446 946 Elpidius
1457 874 1738 944 Toletanusantistes,
1753 873 1822 934 etS-
1833 874 1914 934 Aba·

259 970 378 1031 utumque
392 965 495 1017 cunctos
505 948 812 1022 adducebammuodque
826 945 941 1020 ejusdem
953 960 1062 1016 generu-
1114 946 1207 1001 nasius
1221 943 1496 1016 Caesaraugustanus,
1512 963 1573 1004 eam
1589 958 1685 1005 sancto
1697 947 1860 1015 Theodoro,
1873 963 1915 1004 ar·

260 1034 293 1088 tis
306 1042 389 1087 mater
402 1027 516 1085 Photina
528 1041 587 1080 cum
598 1020 713 1087 torepho
726 1020 781 1088 filio
795 1021 827 1072 ab
841 1019 950 1087 arrtiqua
960 1023 983 1069 et
993 1017 1062 1071 mita
1112 1015 1314 1089 chipresbyter,
1330 1018 1365 1073 de
1383 1018 1482 1087 quihus
1497 1019 1555 1088 ipse
1570 1018 1670 1076 Dexter
1684 1019 1713 1076 in
1726 1019 1915 1089 supemorhus

259 1115 331 1159 secto
343 1101 476 1158 discedens
495 1096 610 1153 eamdem
625 1093 703 1164 pidem
717 1090 860 1146 seminabat
870 1088 940 1172 apud
951 1086 1062 1141 Cartha·
1112 1096 1207 1158 egerat
1219 1092 1252 1142 ab
1268 1090 1413 1146 annnnrbh
1427 1090 1535 1146 dicens:
1562 1089 1629 1146 Tota
1649 1091 1811 1163 Carpetania
1822 1091 1917 1166 predi-

259 1176 346 1247 qiuem
372 1170 511 1227 adiumenti
524 1174 665 1223 commotus
680 1165 733 1229 ira,
745 1163 840 1217 militet
854 1160 925 1214 nrrtit
939 1156 1063 1214 italicam
1112 1167 1200 1214 cantes
1210 1169 1235 1213 et
1250 1159 1369 1215 docentes
1378 1162 1539 1225 discurrunt:
1549 1161 1622 1233 quod
1633 1163 1720 1219 instro
1733 1178 1785 1233 pro
1796 1162 1829 1219 S.
1838 1161 1917 1218 atha

260 1249 307 1317 qui
316 1215 461 1313 pu'mmdm
470 1240 505 1295 ad
517 1256 544 1294 ac
555 1238 735 1307 perducerent,
746 1246 921 1360 qrttaaeumque
931 1229 1063 1300 utrimque
1113 1230 1192 1288 nasio
1205 1230 1403 1301 epigrammate
1417 1232 1517 1289 cecinit
1528 1233 1565 1289 tl.
1581 1233 1715 1291 hariruus
1730 1234 1859 1307 iuquiens
1874 1251 1882 1288 :

261 1334 338 1372 secun
352 1314 510 1396 Christianos
522 1309 634 1381 reperire
644 1307 744 1361 liceret.
758 1377 764 1389 ·
779 1320 828 1359 uae
841 1301 968 1384 ltomitrus
980 1317 1064 1384 appa·
1206 1330 1256 1384 Per
1267 1331 1520 1397 &mmmmm
1529 1347 1599 1386 sam
1609 1335 1705 1387 mim
1717 1339 1826 1390 mum

261 1389 314 1442 ruit
334 1386 450 1442 omnebus
470 1401 498 1437 un
518 1396 601 1436 unum
613 1385 788 1463 cougregatis,
803 1391 854 1447 qtto
867 1388 1064 1442 antmoeqtttorea

261 1459 353 1528 tierent
372 1459 406 1512 ad
420 1454 572 1525 martyrium
588 1466 634 1519 pro
647 1466 703 1521 epus
720 1462 809 1502 amore
821 1444 985 1502 subcurrdum
1001 1461 1010 1496 .·
1027 1441 1064 1497 Et
1115 1437 1192 1495 hade
1204 1436 1420 1510 Carpetanorum
1432 1447 1540 1510 gentem
1553 1440 1717 1513 legationem
1728 1439 1917 1511 prospectum

262 1531 300 1583 ait
315 1546 323 1583 :
340 1527 476 1584 Veniteud
490 1541 531 1578 me
545 1522 689 1592 omnesqui
704 1518 826 1580 laboratis
846 1526 870 1571 et
889 1515 988 1571 onmuti
1003 1516 1065 1571 estin
1115 1508 1219 1567 Jacoho
1240 1510 1267 1564 iu
1284 1511 1428 1579 llispaniaa
1442 1510 1577 1568 mittendo
1598 1512 1687 1584 egisse
1709 1512 1782 1584 apud
1797 1511 1917 1578 Petrum,

264 1607 289 1655 et
302 1616 349 1667 eno
364 1599 481 1667 reficiam
490 1610 534 1650 aar
548 1609 557 1648 :
572 1604 595 1647 et
604 1591 684 1646 nolite
698 1591 787 1646 timere
800 1589 862 1661 quia
874 1603 921 1711 ego
935 1586 1064 1640 uobiscum
1115 1595 1232 1664 quolunn
1243 1581 1376 1637 credibile
1387 1595 1448 1639 esse
1459 1584 1618 1640 innumeros
1630 1585 1657 1639 in
1667 1599 1700 1639 ea
1713 1583 1857 1655 prouincia
1868 1580 1919 1638 lie-

263 1661 341 1736 aume
358 1670 428 1724 Nera
438 1677 526 1722 autem
537 1665 619 1718 uinus
630 1663 751 1718 manauit
761 1662 864 1731 peribit.
904 1656 1065 1712 avinionem
1116 1666 1190 1708 ronrs
1201 1659 1365 1724 tempestate
1375 1654 1513 1710 exstitisse
1525 1654 1627 1711 Christi
1635 1655 1851 1726 cultores,quos
1860 1667 1920 1723 per·

264 1751 351 1796 autem
368 1736 661 1810 :Delumpauocaberia
671 1733 801 1787 Photinus
815 1731 854 1801 lid
868 1737 917 1795 eat,
931 1728 1064 1797 illustris),
1117 1724 1260 1779 secutione
1287 1723 1416 1794 probatos
1440 1740 1472 1780 ac
1498 1727 1622 1798 martyrii
1654 1725 1747 1782 laurea
1776 1724 1920 1782 redimitus

262 1812 441 1883 quiamuttiu
458 1807 632 1865 reilluminati
647 1806 675 1857 in
686 1805 734 1856 mei
747 1801 869 1855 notitiam
879 1808 1046 1868 peruenerunt
1055 1817 1066 1861 ,-
1119 1794 1290 1864 triumphans
1304 1796 1436 1852 emiorum
1452 1797 1574 1854 Ecclesia
1590 1796 1687 1853 asciuit
1709 1796 1762 1854 sibi
1782 1797 1921 1866 :deniqne

264 1893 289 1938 et
303 1885 408 1939 uerbum
429 1892 501 1935 trium
515 1876 667 1948 confortarit
687 1873 869 1929 Sebastianum
887 1870 921 1923 ad
935 1872 1067 1940 perferat·
1117 1865 1244 1920 columna
1257 1865 1302 1922 illa
1310 1866 1464 1923 Neroniana
1474 1869 1601 1939 superins
1609 1868 1700 1924 ablata
1710 1869 1737 1925 in
1748 1866 1921 1939 Carpetania

264 1954 328 2008 dum
345 1954 513 2023 martyrium,
525 1960 550 2004 et
568 1948 656 2002 beatus
669 1946 713 2016 qui
724 1942 882 1998 dimicaverit
897 1956 979 2011 usqm
991 1941 1019 1992 in
1033 1939 1067 2009 ti·
1118 1937 1238 1991 conhnio
1250 1936 1354 1992 Cluniae
1369 1951 1475 2008 reperta
1486 1939 1552 2011 quid
1563 1939 1638 1996 aliud
1648 1940 1775 2008 denotat,
1786 1937 1921 2010 nisiqnod

265 2042 336 2080 nem.
349 2023 589 2079 iliadirtixiterum
601 2019 628 2071 in
644 2019 862 2083 coetumreceptua
872 2022 920 2080 eat,
936 2008 1068 2066 revelarit·
1118 2007 1175 2063 illie
1186 2018 1225 2062 tot
1238 2005 1384 2063 Christiani
1400 2013 1482 2066 occisi
1498 2020 1574 2077 sunt,
1590 2020 1619 2067 ιι
1631 2011 1739 2068 mmetsi
1754 2025 1827 2082 pene
1841 2011 1921 2066 inan·

267 2112 317 2167 que
330 2094 451 2149 Photine
464 2091 589 2165 quidquid
601 2090 684 2161 ipram
697 2086 794 2159 perpeti
805 2083 950 2155 oportebat.
1119 2078 1188 2135 meri
1196 2088 1298 2143 essent,
1311 2080 1449 2150 prouincia
1461 2090 1550 2137 tamen
1563 2081 1615 2138 iliis
1624 2092 1738 2154 purgata
1748 2083 1920 2138 crederetur.

304 2168 396 2237 Pergit
409 2175 504 2220 auctor
524 2163 639 2225 reterre,
652 2159 769 2230 qualiter
780 2156 875 2211 lictor
886 2165 913 2209 et
925 2152 993 2209 socii
1009 2152 1065 2207 ilu-
1155 2151 1183 2205 Ξ.
1201 2149 1302 2205 Eodem
1318 2163 1443 2219 tempore,
1454 2164 1508 2208 etc.
1524 2154 1749 2225 llartyrulogium
1763 2153 1920 2210 Romanurn

267 2254 341 2294 mam
355 2236 481 2307 perducti
496 2251 510 2290 a
524 2234 632 2289 Nerone
643 2228 789 2286 examinati
803 2228 857 2283 sint
871 2225 905 2281 de
921 2225 974 2280 tide
985 2239 1067 2295 quam
1082 2259 1107 2321 B
1120 2221 1154 2277 ad
1170 2220 1271 2277 dierat
1291 2222 1401 2287 Martii,
1427 2226 1525 2279 horum
1546 2232 1704 2281 sanctorum
1727 2225 1921 2296 episcoporum

267 2309 295 2365 ia
311 2309 448 2366 Christum
472 2306 623 2368 habebare
642 2309 670 2357 et
690 2300 761 2372 quod
778 2309 865 2354 mater
879 2297 938 2367 eius
952 2297 1068 2352 Photina
1121 2301 1309 2365 etmartyrnm
1334 2297 1493 2350 memoriam
1516 2295 1638 2352 celebrat
1659 2297 1687 2353 in
1707 2295 1921 2361 benedictione,

269 2397 332 2437 cum
349 2380 404 2435 lilio
418 2378 548 2448 loscplto,
565 2386 592 2431 et
609 2373 728 2444 quinque
738 2371 881 2426 sororibus
895 2369 952 2423 suis
967 2369 1071 2423 Anato—
1122 2364 1173 2420 snh
1189 2365 1231 2419 his
1243 2366 1351 2420 verbis:
1363 2367 1441 2436 Apttd
1454 2367 1641 2422 Chersonesum
1654 2369 1742 2440 patrio
1753 2367 1808 2425 SS.
1821 2367 1923 2433 emacu-

270 2453 317 2516 lia,
333 2451 431 2517 Photo,
441 2449 568 2513 Pirotide,
581 2446 740 2507 Paraseeee,
753 2450 779 2497 et
792 2440 917 2511 Cyriaca,
930 2447 1027 2510 sponte
1035 2439 1070 2496 ad
1122 2452 1215 2507 porum
1228 2433 1333 2501 Rutilii,
1347 2437 1468 2506 Eugenii,
1482 2437 1657 2511 agathoclaei,
1672 2437 1793 2514 Elpidii,
1812 2435 1923 2504 Capito-

271 2523 432 2594 martyrium
447 2521 634 2592 pervolantest
649 2513 843 2584 conspectibus
855 2511 1028 2578 imperatoris
1040 2527 1071 2566 sc
1123 2509 1174 2573 nia,
1191 2505 1326 2577 Ephrem,
1343 2508 1471 2576 Nestoris,
1485 2520 1511 2565 et
1525 2510 1643 2565 Arcadii,
1658 2508 1719 2567 lion
1746 2519 1841 2566 nmo„
1855 2508 1923 2564 aar.

270 2593 460 2664 ingesserunt3
497 2603 648 2659 carnesque
671 2586 849 2657 gravissima,
874 2583 1072 2650 innumeraque
1122 2587 1188 2650 goat
1202 2579 1262 2632 loca
1274 2578 1379 2634 sedium
1392 2595 1577 2645 suarum,uec
1589 2582 1724 2655 martyrii,
1738 2595 1803 2638 nam
1823 2593 1923 2651 qnam.

271 2672 409 2720 tormenta
424 2662 507 2718 alacri
521 2661 612 2716 animo
626 2657 799 2728 pertulerunt
812 2671 819 2708 :
831 2654 947 2722 primum
961 2653 1071 2721 quidem
1125 2650 1167 2703 ris
1181 2650 1253 2719 apud
1264 2647 1467 2707 Chersonesum
1484 2666 1582 2722 passos
1603 2652 1755 2725 pra-dicet,
1783 2668 1840 2708 non
1861 2651 1923 2709 indu

273 2735 301 2789 in
312 2748 454 2790 carcerem
469 2732 637 2788 teterrimum
650 2729 736 2790 trusi;
751 2725 815 2780 inde
826 2725 852 2778 in
868 2723 1008 2778 ardentem
1022 2724 1073 2779 eli·
1126 2722 1194 2776 satis
1205 2722 1332 2792 trrartyrii
1350 2722 1428 2778 locus
1443 2724 1633 2780 manilestatur
1645 2742 1652 2778 ι
1663 2724 1830 2781 Ptolomeus
1850 2723 1924 2779 enirn

274 2805 374 2860 barrum
401 2805 465 2860 totis
485 2803 573 2858 trihus
587 2799 684 2856 diebus
704 2798 797 2862 missi,
819 2810 834 2849 a
854 2810 907 2864 quo
932 2793 1075 2849 indemnes
1126 2791 1222 2846 decem
1237 2800 1265 2846 et
1278 2803 1383 2861 septem
1394 2794 1585 2851 Chersonesos
1598 2795 1730 2868 assignat,
1748 2804 1805 2851 tum
1822 2796 1851 2849 in
1876 2794 1924 2851 Si·

274 2874 391 2931 extracti
402 2872 487 2931 mutel
501 2884 528 2929 et
543 2875 641 2928 iterum
655 2883 762 2924 veneno
776 2866 861 2936 potati
878 2865 952 2919 luere
967 2883 974 2919 :
987 2865 1076 2934 plum·
1128 2863 1204 2930 cilia,
1215 2861 1360 2929 Sardinia,
1379 2876 1408 2921 et
1420 2868 1523 2932 Creta,
1549 2878 1606 2922 turn
1630 2867 1657 2923 in
1680 2866 1870 2936 Peloponeso,
1893 2873 1926 2922 et

275 2948 312 3003 bo
327 2948 409 3001 etiam
427 2956 455 3002 et
470 2946 559 3000 resina
574 2945 601 2998 iu
619 2943 753 3011 liqrrorem
768 2937 886 2993 redactis
900 2938 926 2990 in
940 2950 990 2991 ore
1004 2936 1078 2991 l‘ho·
1128 2933 1195 2988 alibi
1207 2949 1299 3004 snpe;
1317 2945 1346 2989 ut
1356 2937 1451 2992 uideas
1465 2953 1520 2993 rron
1530 2937 1619 2993 solum
1633 2937 1788 3007 Tauricam,
1799 2935 1926 3008 eterm-

274 3018 350 3085 tinae‚
367 3018 393 3072 in
407 3014 742 3087 auribusquecaeterorum
756 3010 815 3064 sine
828 3007 993 3062 detrimento
1013 3021 1077 3065 sus·
1128 3002 1246 3066 bricam.
1264 3014 1292 3060 ιι
1307 3005 1453 3064 Thraciam
1467 3009 1507 3064 sie
1518 3009 1619 3077 dictas,
1633 3009 1682 3066 sed
1695 3017 1830 3081 quotquot
1854 3023 1926 3079 pane

276 3092 382 3159 ceptis;
421 3089 521 3159 saepius
550 3084 658 3142 bovinis
687 3081 780 3136 ncrris
805 3078 889 3146 east,
923 3078 1078 3148 pectinibus
1130 3075 1164 3130 ad
1180 3075 1331 3131 insularum
1346 3080 1455 3135 modom
1471 3082 1539 3137 mari
1552 3082 1699 3150 cinguntur
1710 3091 1792 3137 terrae
1804 3089 1923 3152 partes:

278 3149 1079 3244 quoqueterreis,acapiteinsublimesnspeasi,excarni·
1131 3147 1308 3202 Cracceenim
1322 3145 1495 3207 Cherronesus
1518 3152 1590 3221 (sire
1608 3151 1803 3218 Cherronesus,
1827 3161 1855 3206 nt
1877 3149 1925 3206 alii

278 3234 454 3301 beatumque
464 3231 567 3286 lacibus
581 3226 680 3298 ignotis
691 3224 724 3279 ad
737 3235 886 3294 martyrum
896 3221 982 3276 latera
992 3221 1079 3292 appli-
1132 3219 1321 3288 pronuntiant)
1335 3219 1433 3279 Latine
1447 3234 1526 3278 sonat
1543 3222 1736 3292 Praeteritum,
1752 3224 1810 3280 site
1824 3221 1925 3279 Pertin-

278 3305 349 3358 catis
361 3302 450 3359 exusti
466 3302 573 3358 :oculis
587 3299 696 3355 demum
711 3296 811 3360 erutis;
828 3295 925 3349 iterum
941 3292 966 3346 in
982 3307 1079 3348 carce·
1132 3289 1232 3355 sulum,·
1244 3305 1304 3360 quar
1318 3292 1446 3349 nimirum
1457 3294 1546 3350 insula
1559 3308 1611 3351 non
1625 3304 1686 3364 est,
1705 3294 1772 3367 quia
1792 3310 1849 3350 non
1865 3309 1925 3348 ont·

278 3386 338 3428 rem
361 3374 507 3430 venenosis
524 3370 686 3427 animalibus
709 3374 862 3422 scatentem
878 3363 1003 3430 reducti,
1025 3379 1080 3435 quo
1133 3362 1199 3416 nino
1213 3361 1282 3417 mari
1294 3361 1432 3434 cingitur,
1449 3366 1555 3421 tametsi
1577 3380 1672 3436 parum
1688 3367 1762 3422 absit
1783 3372 1815 3422 ιιι
1837 3365 1924 3421 unde·

280 3443 389 3499 tandem
404 3445 535 3499 sinecion
547 3458 579 3498 ae
593 3440 774 3497 medicamine
797 3435 993 3490 miserabiliter
1011 3435 1080 3490 inte·
1133 3446 1249 3502 cumque
1261 3434 1397 3504 cingatur.
1414 3437 1456 3493 hb
1470 3452 1524 3493 uno
1539 3437 1641 3492 Dextro
1655 3438 1805 3509 accipimus
1825 3435 1925 3508 quihus

280 3513 383 3577 riront;
399 3512 448 3568 sed
463 3527 524 3567 curn
541 3514 603 3566 illuc
618 3510 719 3564 Christi
734 3508 794 3561 luce
808 3520 840 3559 ac
854 3505 960 3586 visione
971 3509 1082 3574 periun-
1134 3504 1293 3584 praluerint
1304 3506 1471 3574 ciuitatibus,
1486 3522 1540 3578 quo
1554 3508 1698 3564 ilornerint
1712 3520 1859 3580 ternpore,
1876 3520 1924 3562 ett-

282 3583 424 3647 derentnr,
440 3583 466 3636 in
486 3585 629 3651 pristinam
650 3579 796 3635 sanitatem
813 3574 927 3639 redacti,
942 3584 971 3630 ιι
988 3576 1083 3630 oeulo-
1133 3588 1179 3643 pus
1192 3577 1351 3641 magisterio
1370 3579 1425 3634 sint
1445 3579 1555 3647 edocti,
1581 3578 1700 3651 denique
1721 3595 1776 3651 qua
1801 3580 1831 3636 ip
1855 3579 1926 3635 urhe

283 3668 342 3707 rum
357 3652 491 3708 beneficio
515 3652 651 3716 restituti,
674 3663 706 3703 ac
728 3648 893 3701 miraculoso
917 3647 979 3702 eiho
998 3648 1084 3703 trihus
1099 3647 1123 3710 Γ,
1138 3647 1452 3725 martyrinmsuhierint.
1469 3651 1519 3706 Est
1539 3664 1606 3707 reru
1624 3649 1818 3709 Chersonesus
1840 3665 1926 3722 prope

283 3723 426 3779 rrretrsibus
438 3738 470 3778 ac
482 3724 581 3779 diebus
593 3720 706 3777 totidem
721 3716 874 3782 relocillati,
888 3731 983 3772 rursus
993 3717 1026 3772 ad
1040 3733 1086 3774 no·
1140 3715 1371 3795 lalerrttutnurhs
1388 3721 1444 3788 illa,
1460 3737 1542 3792 quant
1554 3721 1650 3778 Latine
1660 3720 1838 3781 Peninsulam
1855 3737 1925 3778 truri-

282 3809 346 3850 uum
363 3795 471 3850 adducti
489 3805 645 3858 certarnen,
661 3791 751 3846 denuo
765 3788 857 3858 llagris
871 3787 1022 3869 sevissime
1045 3790 1086 3845 la·
1136 3795 1239 3868 cupant
1250 3792 1353 3859 antiqui
1365 3802 1393 3847 et
1407 3792 1699 3865 moderniscriptoros,
1716 3802 1746 3850 et
1763 3792 1846 3864 paul-0
1863 3807 1926 3848 001.

282 3865 360 3933 triati,
376 3867 409 3922 ad
425 3866 550 3921 ultimum
572 3865 642 3934 pelle
659 3858 942 3941 detracta,lr·ustattm
958 3860 1033 3927 eaesi,
1057 3870 1085 3916 et
1136 3868 1258 3928 ruptione
1281 3862 1433 3928 vocabulo,
1461 3865 1606 3934 hispanice
1635 3865 1784 3921 panteneia,
1813 3863 1926 3921 mento

282 3938 520 4008 capiteamputatu
531 3937 743 3992 illustrissimam
756 3931 878 4002 martyrii
891 3930 1008 4001 palmam
1021 3947 1083 4001 per·
1135 3944 1195 3985 earn
1210 3930 1244 3984 ab
1256 3930 1390 3992 Strabone
1406 3935 1469 3991 libr.
1485 3951 1514 3991 ιιι
1528 3937 1628 4005 Ceogr.
1649 3936 1853 3992 Chersonesum
1876 3950 1925 3989 w.

281 4018 429 4076 ceperitne,
452 4026 504 4064 uno
520 4010 629 4077 dempta
649 4006 774 4070 Photina,
791 4017 851 4071 qnae
866 4002 892 4057 in
912 4011 1031 4058 veterem
1045 4005 1085 4058 ci·
1135 4011 1243 4071 catam,
1272 4004 1407 4077 citamque
1428 4022 1510 4078 supra
1534 4007 1685 4063 Valentiam
1712 4021 1767 4062 non
1789 4008 1870 4077 longe
1891 4006 1925 4061 ah

282 4087 403 4133 sternam
429 4081 561 4147 immissa,
578 4080 695 4146 indeque
718 4075 851 4136 detracta,
877 4074 955 4128 blesis
969 4076 1083 4144 genibus
1135 4074 1243 4142 antiqua
1256 4073 1387 4147 Sagunto,
1400 4094 1468 4134 uero
1483 4079 1536 4134 situ
1549 4079 1850 4144 nostraei’cnniscolm3
1867 4077 1925 4133 lla-

282 4149 453 4217 impollutum
468 4147 524 4203 Deo
534 4149 660 4216 spiritum
673 4145 802 4211 reddidit,
815 4142 851 4198 nb
861 4142 905 4198 die
918 4143 1018 4207 llartii,
1029 4160 1082 4213 qua
1135 4144 1210 4197 rinna
1225 4145 1273 4198 lib.
1288 4161 1336 4212 sn,
1349 4164 1409 4220 cap.
1426 4152 1471 4220 t'l,
1494 4161 1637 4220 utramque
1648 4150 1709 4220 ejas
1722 4150 1868 4220 cognoscit
1879 4166 1927 4204 ιω-

282 4232 345 4273 cum
359 4234 375 4272 a
390 4218 505 4286 Latinis,
521 4228 577 4273 turn
591 4234 607 4274 a
622 4217 725 4275 Grecis
739 4213 797 4285 ejus
810 4214 941 4269 memoria
957 4217 1083 4271 anniver-
1134 4214 1329 4270 menclatnram
1339 4236 1347 4284 ;
1358 4236 1442 4304 agens
1456 4223 1528 4276 annm
1548 4221 1582 4276 dg
1602 4221 1723 4277 preponis
1742 4219 1839 4276 lacnhi
1854 4221 1925 4291 κει,

139 4324 145 4333 .
223 4330 225 4335 .
282 4290 356 4344 saria
367 4290 526 4346 celebritate
540 4290 648 4346 colitur.
1134 4287 1174 4340 sie
1187 4284 1224 4339 ait
1236 4303 1242 4339 :
1256 4285 1340 4343 Plura
1350 4294 1403 4346 ahu
1418 4309 1449 4348 eo
1461 4301 1547 4347 tractu
1565 4293 1661 4365 oppida
1671 4302 1693 4347 et
1704 4308 1777 4346 arcer
1788 4293 1871 4346 uitam
1884 4305 1924 4346 to·

319 4360 408 4431 Atque
431 4361 490 4416 hae
512 4362 621 4431 quidem
648 4355 869 4429 inmartyribus
893 4355 1082 4415 italicensibus
1134 4356 1261 4422 terebant,
1274 4366 1484 4429 quaneeersurio
1501 4365 1555 4435 regi
1578 4364 1703 4419 ditionem
1719 4364 1857 4434 ternant,
1878 4363 1925 4417 im-

282 4431 387 4487 tlixisse
402 4446 455 4487 nun
471 4434 613 4503 prehibeat,
637 4444 752 4501 quorum
766 4428 911 4484 nonnitllos
924 4428 1021 4486 italice
1034 4446 1083 4501 pe-
1134 4429 1738 4498 priatitl'eanitcoluPtolomteoCherroueaua.
1753 4433 1864 4491 Diceret
1875 4449 1925 4505 po·

282 4513 418 4573 scorpios,
432 4502 501 4558 alios
519 4513 621 4568 anmrn,
637 4503 664 4558 id
679 4509 733 4567 cst,
748 4500 896 4555 nobiliores
909 4498 1001 4555 Rortrre
1017 4517 1081 4570 pas·
1133 4500 1187 4554 tius
1205 4498 1340 4570 Straboni,
1356 4521 1418 4560 nam
1434 4508 1600 4562 Ptolomaeus
1625 4509 1684 4576 cius
1710 4520 1765 4560 non
1787 4507 1923 4563 meminit.

282 4576 386 4644 eosqui
401 4574 511 4640 dixerit,
528 4589 582 4630 non
598 4577 727 4630 aberrare
741 4588 756 4626 a
771 4585 836 4626 reru
851 4570 917 4626 rrrilri
933 4571 1080 4639 videbitne
1133 4570 1207 4626 idem
1221 4581 1317 4630 auctor
1329 4576 1376 4633 llh.
1390 4592 1437 4645 xx,
1452 4594 1511 4649 cap.
1526 4577 1633 4645 ultimo,
1651 4577 1829 4633 peninsulam
1848 4577 1925 4638 dicit,

283 4660 373 4716 neque
385 4646 457 4702 euim
469 4655 525 4701 tota
536 4647 633 4703 civitas
645 4646 758 4700 Romam
772 4643 868 4698 adduci
881 4642 959 4699 laeile
971 4656 1079 4713 posset;
1133 4642 1171 4698 be
1185 4645 1280 4700 eodem
1294 4646 1399 4704 lacoho
1411 4664 1424 4702 a
1446 4651 1509 4705 ebat
1533 4650 1713 4721 ltiemnymns
1738 4647 1833 4706 zurita
1854 4648 1903 4705 lib.
1916 4665 1923 4704 ι

283 4733 334 4773 ιιιι
346 4719 426 4774 aliter
441 4719 512 4784 lieri,
525 4721 590 4790 qoirr
604 4716 683 4773 multi
697 4718 762 4772 illuc
775 4714 999 4796 adducerentura
1012 4718 1082 4772 miti·
1132 4712 1285 4770 italicarum
1298 4732 1388 4774 rerum
1412 4665 1448 4777 ai
1466 4720 1610 4792 bragantia
1625 4721 1735 4791 regibus
1759 4728 1921 4791 gestarum,

283 4788 365 4856 tibus,
377 4790 475 4861 quihus
488 4790 561 4848 Nero
571 4791 684 4848 dederat
694 4788 746 4862 (uti
755 4787 886 4856 diximus)
899 4787 1078 4856 remandatis,
1131 4799 1193 4840 curm
1204 4786 1273 4841 dixit
1289 4788 1381 4845 :Aurio
1392 4790 1460 4849 tuus
1474 4791 1558 4847 talen.
1574 4791 1679 4848 (tctabr.
1691 4807 1737 4846 ren
1751 4790 1924 4848 doctitante-

282 4867 314 4913 ιιι
334 4876 389 4916 non
411 4863 499 4916 solnm
513 4862 659 4929 Victorem,
675 4873 700 4917 ιι
718 4856 910 4917 Sebastianum
924 4857 958 4911 ad
972 4872 1002 4913 se
1018 4875 1081 4928 per·
1130 4858 1389 4930 gioaemr'acurreas,
1412 4863 1577 4919 Paniscolum
1603 4861 1772 4936 ilerpaouum
1796 4863 1923 4935 oppidum

282 4932 425 4998 ducerent,
437 4932 485 4988 sed
495 4942 628 5003 quotquot
638 4934 740 4987 Christi
751 4940 913 4995 sectatores,
925 4930 983 4985 sire
993 4931 1078 5001 uiros,
1130 4928 1250 4984 obsidet:
1275 4933 1427 5004 irritarent,
1443 4943 1471 4988 ut
1486 4936 1593 5006 acopttlo
1605 4935 1755 5005 impetitum
1771 4949 1838 5008 pene
1856 4935 1924 4990 nram

280 5007 340 5061 sive
351 5006 474 5070 laminas,
491 5007 556 5061 inibi
573 5006 694 5075 reperire
708 5004 814 5058 liceret.
1091 5001 1243 5097 I,cinctum
1252 5003 1287 5059 ait
1300 5022 1311 5061 .·
1323 5023 1338 5061 ι
1349 5023 1378 5063 re
1392 5007 1525 5076 uulgatum
1540 5022 1633 5062 annun
1656 5007 1762 5061 inuenit.
1790 5001 1925 5062 AGroecit

318 5077 395 5145 Quod
405 5093 470 5132 nero
480 5077 579 5133 Dexter
589 5076 707 5132 additde
718 5075 905 5145 persecutione
914 5071 1077 5143 Neroniana,
1130 5079 1280 5148 apparetod
1302 5097 1357 5135 eam
1373 5094 1479 5132 mamm
1500 5080 1577 5133 etiam
1602 5076 1792 5133 Cherronesum
1811 5075 1923 5132 dietum.

282 5163 336 5202 non
353 5148 441 5202 solum
457 5148 510 5204 illis
534 5150 664 5215 urbibus,
684 5147 803 5216 hispali,
819 5146 938 5216 iliturgi,
954 5145 1077 5218 iliberri,
1130 5148 1315 5206 Bernartlinns
1329 5149 1431 5206 lliedes
1443 5150 1587 5220 episcopus
1600 5149 1635 5205 de
1652 5149 1811 5205 hibarracin
1831 5149 1861 5203 in
1880 5148 1924 5204 hi·

282 5218 449 5284 Tarracone,
462 5229 491 5274 et
500 5221 713 5290 Caesaraugustae
725 5218 916 5287 excanduisse,
927 5219 974 5274 sed
987 5220 1013 5275 in
1025 5220 1079 5276 Lu·
1128 5222 1214 5276 storia
1230 5223 1301 5292 regis
1311 5221 1405 5277 laeohi
1416 5233 1548 5293 perpetuo
1564 5220 1740 5276 Peninsnlam
1764 5230 1866 5287 rocat,
1894 5229 1925 5277 ut

280 5290 1079 5364 sitana,Bntiea,carpentanaqueprorineiia,indecre·
1128 5292 1307 5350 lih.nmtlte
1337 5293 1405 5349 locis
1434 5292 1529 5349 videre
1560 5302 1611 5348 est.
1645 5292 1790 5348 blariacus
1812 5289 1924 5345 Siculus

280 5364 399 5421 dandum
414 5373 456 5419 cst
468 5364 615 5431 accidisse,
631 5367 758 5436 quonium
781 5364 906 5421 uidelicet
925 5364 961 5419 ihi
986 5365 1077 5434 plures
1128 5364 1176 5421 lib.
1189 5380 1207 5418 rt
1219 5363 1254 5420 tle
1268 5363 1442 5438 Rebusllisp.
1454 5366 1517 5420 dnm
1528 5363 1583 5435 agit
1593 5365 1628 5420 de
1642 5362 1793 5420 Benedicta
1804 5359 1923 5434 llllqui

279 5437 576 5506 rerinrisemngehae
590 5447 752 5504 sectatores,
765 5453 797 5493 ac
817 5437 930 5507 proinde
943 5446 1078 5509 martyres
1127 5434 1167 5491 ihi
1181 5434 1252 5490 diem
1271 5437 1370 5492 elausit
1394 5446 1564 5500 extremum,
1588 5434 1648 5490 ttae
1670 5450 1804 5503 reapomo,
1819 5431 1921 5505 inquit,

279 5507 383 5580 plures,
397 5523 510 5564 necesse
521 5518 581 5565 crat
600 5524 629 5564 rr
650 5510 724 5577 eriri,
744 5509 790 5565 ubi
804 5511 894 5579 plures
915 5523 1024 5578 quoque
1036 5509 1078 5563 tli-
1128 5506 1200 5572 dato,
1211 5521 1294 5563 remor
1305 5508 1449 5579 intrpellens,
1463 5509 1493 5563 in
1507 5505 1693 5576 Peuiasulum,
1710 5508 1758 5561 hoe
1771 5514 1809 5560 ert
1832 5504 1863 5559 in
1879 5507 1924 5560 iu·

279 5581 337 5637 nini
352 5580 427 5636 serbi
447 5595 586 5650 praecones
601 5596 616 5635 e
639 5580 762 5635 alsernnt
778 5598 784 5632 ι
809 5582 836 5636 in
858 5579 995 5635 Lusitania
1017 5581 1077 5650 qoi-
1128 5577 1214 5632 attium
1228 5582 1442 5651 parendumque
1458 5577 1593 5634 Peniscula
1606 5579 1712 5641 dicitur,
1727 5578 1799 5644 autad
1824 5573 1923 5631 Valen-

278 5653 341 5708 dem
358 5652 409 5709 SS.
434 5652 529 5708 Petrus
544 5661 572 5708 et
595 5652 711 5708 Basilius
729 5652 908 5706 bracarenses
924 5651 1076 5718 pontilices,
1130 5650 1192 5705 tium
1205 5667 1232 5706 te
1245 5655 1351 5721 recepit.
1368 5653 1427 5720 Quo
1441 5651 1533 5706 uideas
1545 5651 1646 5706 nnllam
1662 5650 1783 5719 relinqui
1800 5648 1837 5702 tie
1861 5649 1924 5706 loco

280 5734 308 5779 et
321 5723 350 5780 S.
366 5723 460 5780 iacobi
474 5725 610 5790 discipuli,
627 5735 653 5779 et
667 5725 695 5778 S.
712 5723 845 5792 Epitatius
870 5720 1004 5776 Tudensis
1019 5725 1078 5792 epi·
1129 5723 1252 5794 martyrii
1276 5739 1370 5780 ansam
1391 5722 1543 5778 dubitandi.
1570 5720 1717 5778 Celebrant
1742 5733 1858 5790 quoqne
1883 5721 1924 5775 lc-

277 5797 422 5865 scupus;in
438 5797 534 5852 llaetiea
548 5796 577 5853 S.
591 5797 653 5851 Pius
667 5793 845 5865 llispalensis,
858 5807 890 5848 ac
904 5803 1006 5861 septem
1018 5794 1074 5861 alii,
1129 5803 1200 5848 stum
1226 5797 1383 5853 cotttrndcnt
1410 5794 1498 5851 Crnci
1525 5794 1551 5849 in
1575 5794 1747 5862 hierologio,
1775 5791 1853 5847 seti'l
1877 5791 1924 5848 die

276 5864 439 5941 ‘torquatum
452 5867 586 5941 Caecilius,
604 5867 754 5938 tesiphon,
776 5873 804 5924 cl
825 5866 892 5922 socii
909 5881 916 5920 ε
932 5867 959 5921 in
973 5861 1075 5937 Carpe·
1127 5865 1252 5937 ejusdem
1275 5865 1397 5934 mertsis,
1425 5880 1479 5922 non
1503 5873 1598 5937 qttarta
1623 5874 1652 5922 ut
1669 5862 1757 5923 latini
1769 5880 1776 5919 :
1790 5876 1806 5920 c
1818 5865 1922 5935 qtrihus
