4192 6434
219 336 275 399 897
547 285 549 290 ⁸
725 331 966 397 nistouttltllll
985 333 1092 396 tibull
1111 334 1156 395 tl.
1175 334 1256 396 CAP.
1275 331 1357 395 xlii.
1818 334 1873 396 898

218 453 343 529 potale·
359 452 469 512 Decimo
492 453 576 529 200
595 465 668 510 tnno
692 463 836 527 postquam
855 453 973 512 Annibal
987 453 1016 513 in
1029 458 1057 519 Α
1068 460 1123 511 tem
1140 439 1194 510 non
1208 452 1286 521 dati,
1299 449 1381 508 modo
1393 457 1570 521 potestatem.
1593 447 1788 523 Respondeant
1801 468 1874 510 nnnc

219 547 327 606 italiam
342 558 469 617 uenerat,
490 548 566 604 ‘Cn
588 548 706 617 Fuluio,
721 548 752 604 P.
769 548 889 622 sulpitio
898 549 1020 608 consuli·
1072 544 1140 602 milri
1153 546 1353 603 obtrectatores
1363 544 1420 601 teri
1439 545 1488 603 Ilei
1506 543 1559 602 bne
1575 542 1653 614 loeo,
1671 546 1694 578 ¹¹
1707 543 1836 604 Annibali
1857 562 1873 603 a

219 640 285 711 bue,
301 639 419 699 Annibal
430 639 624 715 deCamptnia
638 640 882 700 motitexeraitum
897 660 903 697 :
919 653 1021 700 etcum
1072 638 1239 708 capessenda
1254 634 1464 708 subruendaque
1477 633 1564 692 Poura
1576 647 1667 692 utrum
1683 633 1808 692 Romana
1824 636 1873 693 ob·

219 734 325 809 ingenti
347 736 427 793 clude
450 737 595 795 ommutui
610 751 658 809 pqr
672 736 824 794 sidicinum
838 738 1018 796 Suessanum.
1071 730 1142 786 stitit
1155 729 1343 798 tertiandum
1357 727 1448 785 diviua
1458 728 1611 795 miseratio,
1622 736 1669 784 aut
1681 728 1794 785 lorsilnn
1806 744 1873 786 cott-

219 843 273 901 que
292 843 387 900 agnnn
410 828 453 886 ria
477 828 574 886 Latina
590 828 740 901 proiectus,
763 829 798 886 ad
822 829 955 887 Anienem
968 830 1020 887 llu-
1071 822 1173 879 serrati
1189 822 1233 878 isti
1247 821 1429 894 dedignantur
1442 820 1539 890 lateri,
1562 820 1634 893 quad
1654 820 1771 877 Annibal
1787 830 1815 878 et
1830 823 1871 879 ai·

218 920 294 978 uiuet
306 921 316 953 ⁸
329 920 417 979 tribus
429 921 550 980 millibus
564 921 599 978 ab
612 921 685 980 Urbe
700 922 846 991 censedit,
868 923 1021 981 incredibili
1073 926 1136 972 ctor
1145 916 1270 973 extimuit
1282 957 1291 984 ,
1304 925 1331 971 et
1344 915 1445 973 eedens
1456 914 1602 986 probatiti
1617 912 1652 971 At
1666 916 1688 971 si
1704 915 1784 971 istam
1800 914 1872 971 diui-

221 1014 308 1071 totins
321 1013 540 1083 Civitatismetu,
555 1029 617 1072 curn
628 1024 723 1072 senatu
735 1015 890 1088 populoque
904 1015 1020 1074 diuersis
1071 1024 1133 1065 nant
1154 1009 1268 1066 tutelam
1281 1010 1304 1041 ¹⁸
1317 1025 1368 1082 per
1381 1009 1501 1082 pluriam
1520 1008 1555 1065 de
1569 1009 1640 1067 arelo
1650 1010 1759 1066 uenisse
1782 1010 1871 1067 matti-

219 1105 295 1162 auris
309 1106 437 1179 trepido,
453 1116 586 1165 matronae
596 1123 706 1181 qnoque
719 1118 842 1167 amentes
856 1124 957 1180 putere
971 1125 1020 1181 per
1070 1100 1170 1159 irstum
1182 1112 1223 1160 est
1235 1145 1244 1172 ,
1258 1102 1345 1174 ipsam
1363 1111 1454 1160 autern
1467 1103 1586 1174 pluriam
1606 1104 1767 1174 opportunis
1779 1112 1808 1160 et
1821 1120 1869 1161 ne-

219 1198 424 1270 propngnaaula
447 1207 610 1268 currerent,
633 1207 660 1258 et
683 1201 838 1258 convehere
849 1202 860 1233 ⁷
873 1202 901 1257 irt
924 1216 1020 1259 muros
1069 1194 1197 1252 romeriis
1211 1195 1381 1267 temporibus
1396 1195 1515 1251 nonnisi
1531 1210 1579 1265 per
1590 1193 1730 1250 Cltristum
1744 1236 1753 1259 ,
1769 1196 1815 1266 qui
1829 1203 1871 1250 cst

217 1303 307 1360 susa,
331 1291 480 1362 primaque
495 1306 545 1361 pru
559 1292 644 1348 muris
655 1307 776 1364 pugnare
788 1294 933 1365 gestirem,
959 1295 1019 1366 lpse
1070 1301 1153 1343 tetus
1168 1286 1258 1355 Deus,
1273 1286 1424 1343 ttrlnistrari
1437 1328 1444 1351 ,
1458 1287 1541 1342 eliam
1557 1285 1578 1318 ¹⁸
1589 1284 1624 1342 ab
1637 1285 1794 1356 bnjtrsmodi
1804 1286 1873 1342 satis

220 1390 314 1438 autem
338 1397 398 1439 curn
423 1382 557 1455 expeditis
578 1382 717 1456 equitibus
733 1386 745 1419 ⁸
759 1399 845 1457 usque
859 1385 894 1442 ad
912 1394 1017 1457 portam
1070 1388 1148 1436 certo
1171 1380 1256 1446 seiri,
1280 1395 1330 1437 uec
1357 1380 1450 1453 negari
1474 1394 1554 1451 posse
1576 1379 1722 1451 existimo,
1750 1380 1872 1436 manime

217 1471 353 1532 Collinam
365 1475 482 1533 infestus
504 1476 639 1545 accessit,
654 1476 754 1534 deinde
769 1492 866 1535 omues
880 1479 974 1549 copias
990 1478 1017 1533 in
1070 1487 1163 1539 nunc,
1178 1473 1287 1544 quando
1307 1473 1340 1530 ad
1363 1473 1557 1529 documentum
1574 1472 1704 1544 potentin
1724 1471 1786 1544 ejus
1807 1488 1869 1530 curn

225 1570 313 1626 aciem
336 1569 449 1628 direxit.
464 1572 475 1605 s
489 1569 543 1627 Sed
565 1577 594 1626 et
615 1571 753 1637 consules,
772 1568 941 1641 Fuluiusque
956 1584 1020 1642 pro·
1069 1566 1195 1624 siccitate
1208 1566 1353 1635 turbante,
1370 1566 1490 1638 pluviam
1511 1582 1626 1638 poscere
1638 1566 1868 1623 assidtrceautiu-
1961 1608 1963 1612 .

222 1662 336 1718 consule
354 1676 410 1718 nun
434 1662 622 1719 detrectavere
642 1677 771 1733 pugnam.
792 1663 826 1717 At
840 1663 887 1719 ubi
901 1664 923 1695 ¹⁰
936 1678 1018 1733 espo-
1069 1659 1122 1730 git,
1132 1667 1161 1716 el
1173 1661 1288 1716 alternis
1299 1660 1403 1717 uicibus
1416 1676 1488 1718 nuuc
1500 1661 1626 1732 gentiles,
1639 1676 1711 1717 nune
1721 1659 1871 1717 Christiani

218 1753 280 1810 sitae
309 1751 443 1825 utrimque
479 1754 553 1810 acies
576 1753 778 1822 constiterunt,
817 1755 844 1808 itt
869 1765 1018 1826 conspectu
1070 1753 1871 1826 rogant:necumquametiamipsistestibusiaclumest,

218 1843 325 1911 Romae,
339 1845 482 1918 premium
495 1845 515 1876 ¹¹
532 1844 644 1900 uictoris
657 1844 755 1901 intorte
766 1885 775 1913 ,
787 1845 867 1918 261
886 1855 976 1904 tantus
990 1862 1021 1903 se
1035 1852 1059 1913 Β
1073 1847 1197 1918 utoptati
1214 1846 1315 1903 imbres
1329 1847 1524 1918 superveniant
1536 1847 1586 1903 nisi
1602 1846 1628 1901 in
1644 1846 1708 1912 dic,
1724 1847 1746 1877 ¹³
1761 1862 1815 1919 qno
1826 1861 1871 1902 ro-

216 1937 309 1994 subito
323 1938 411 1996 imber
427 1953 443 1995 u
458 1938 574 1995 nubibus
588 1937 721 2009 grandine
742 1940 842 1994 mistus
856 1939 970 2009 euadit,
989 1950 1019 1997 ut
1070 1939 1129 2011 gari
1151 1939 1290 1996 Christum
1315 1948 1343 1996 el
1364 1940 1526 1996 Christianis
1552 1956 1649 2011 rogare
1673 1941 1840 2011 permittitur
1862 1959 1870 1997 :

216 2033 329 2088 turbata
344 2030 467 2103 agmina,
482 2030 528 2087 ria
544 2032 627 2086 arntis
639 2031 767 2100 retentis,
784 2030 811 2087 in
826 2045 874 2087 tua
889 2040 1018 2090 secastra
1070 2030 1167 2103 procui
1196 2030 1280 2087 dubia
1305 2041 1434 2099 constat,
1464 2031 1558 2088 urbem
1586 2032 1700 2088 bornam
1722 2047 1771 2104 per
1799 2033 1871 2091 bunc

216 2121 391 2193 colligerent.
410 2121 513 2178 Deinde
532 2136 593 2177 cum
614 2122 760 2178 serenitate
782 2122 887 2178 reddita
903 2124 930 2179 in
944 2139 1019 2181 cam·
1069 2124 1196 2181 ettntdem
1211 2138 1307 2181 terum
1320 2125 1421 2194 Derim,
1437 2125 1482 2197 qui
1497 2134 1539 2181 est
1549 2122 1673 2181 Citristns
1683 2126 1782 2194 lesus,
1795 2127 1870 2183 ordi·

216 2230 283 2287 punt
296 2215 383 2287 capiat
395 2225 477 2287 atque
491 2215 519 2271 in
535 2215 620 2271 aciem
636 2215 783 2284 redissent,
794 2232 901 2273 rursum
915 2218 1019 2275 violen·
1071 2227 1180 2275 nantem
1191 2218 1341 2275 secundnm
1356 2218 1486 2290 placitum
1497 2218 1642 2276 ineliabilis
1653 2220 1747 2290 ludicii
1762 2222 1824 2286 sui,
1842 2231 1870 2277 ct

219 2307 274 2364 tior
285 2308 343 2364 lusa
351 2315 508 2379 tempestas,
516 2306 619 2377 ntajare
629 2315 703 2365 ntetu
713 2307 867 2365 mortalium
876 2309 1018 2366 audaciam
1071 2318 1138 2367 tune
1152 2310 1186 2366 ad
1198 2311 1295 2367 laturae
1307 2309 1369 2366 iidei
1379 2310 1570 2368 credulitatem
1581 2320 1718 2367 seruatam
1734 2312 1829 2378 luisse,
1844 2321 1872 2367 ct

219 2400 361 2465 coercuit,
384 2399 549 2470 territosque
564 2401 702 2457 exereitus
717 2400 845 2473 reingere
858 2403 886 2458 iu
902 2404 1018 2459 tentoria
1071 2419 1145 2460 uuna
1157 2404 1179 2437 ¹⁴
1193 2420 1242 2475 pro
1256 2413 1332 2475 parte
1342 2404 1385 2460 stri
1401 2403 1543 2460 incredula
1554 2404 1725 2475 castigatam.
1740 2407 1775 2461 At
1788 2404 1870 2476 262

218 2490 317 2564 coegit.
346 2491 423 2548 Tana
447 2504 600 2549 conversus
630 2493 658 2548 in
693 2492 854 2566 religionem
879 2494 1019 2566 Annibal,
1072 2495 1324 2569 veroinilispania
1345 2495 1871 2566 ambuScipionesalliratreAsdrn-

218 2582 321 2642 dixisse
332 2583 432 2653 icrlur,
446 2581 586 2655 potiundae
601 2583 653 2641 sibi
675 2584 769 2642 Romae
789 2586 872 2643 moda
888 2586 1017 2643 nolunta-
1070 2586 1131 2644 bale
1144 2587 1280 2645 interlecti
1297 2595 1369 2644 sunt.
1386 2586 1415 2643 ln
1433 2587 1582 2659 Campania
1598 2586 1690 2659 Capua
1703 2597 1781 2659 capta
1797 2597 1837 2645 cst
1853 2604 1868 2644 a

864 2695 1094 2754 uAvuucttlrt
1113 2695 1230 2753 NOTAE.

254 2786 283 2844 b.
304 2785 490 2845 Decimoaano
503 2798 570 2863 post.
588 2788 734 2863 Eutropius
749 2801 859 2860 quoque
881 2787 1017 2845 decimum
1071 2788 1129 2845 curi
1156 2788 1190 2845 de
1211 2787 1326 2845 lristnria
1352 2798 1406 2845 tato
1431 2788 1515 2846 multa
1538 2790 1733 2849 contraiibrus
1747 2801 1868 2851 vetustus

220 2858 300 2929 bttjus
323 2858 389 2915 belii
408 2874 511 2918 aunum
536 2871 685 2930 numerat,
706 2860 753 2933 qui
764 2859 825 2916 aliis
836 2866 878 2915 est
891 2870 1016 2916 ortatus.
1070 2869 1261 2930 corruperunt.
1277 2860 1412 2915 Consules
1424 2869 1504 2917 erant
1523 2859 1574 2917 Cn.
1592 2861 1706 2918 Fulvius
1720 2865 1867 2922 contrama-

219 2926 306 2988 Feta.
1071 2929 1114 2987 ius
1127 2941 1154 2986 el
1178 2931 1209 2987 P.
1233 2930 1366 3002 sulpitius
1392 2931 1490 2994 Galba.
1513 2933 1549 2989 At
1563 2934 1597 3001 Q.
1614 2932 1727 2991 Fuluius
1740 2935 1866 3004 Flaccus,

254 3002 284 3059 t.
305 2998 353 3057 Cn.
365 3000 474 3070 Fuluio,
486 3002 521 3061 P.
539 3002 666 3072 sulpitio.
679 3002 747 3061 itale
758 3004 847 3061 Publii
860 3017 1017 3074 prenomen
1070 3002 1116 3069 qni
1132 3003 1273 3073 superiore
1288 3017 1361 3059 anuo
1372 3004 1468 3060 consui
1480 3002 1579 3067 lauerat,
1596 3013 1625 3060 et
1634 3004 1690 3075 iant
1704 3012 1869 3076 proconsule

219 3070 249 3130 itt
264 3072 348 3130 Febr.
359 3083 386 3131 et
400 3073 486 3130 Scotti
499 3074 564 3132 edd.
579 3075 727 3142 destituitur,
738 3075 802 3132 iicet
813 3076 840 3131 in
854 3072 1018 3145 quibusdam
1069 3072 1195 3144 Capuam
1216 3087 1277 3129 cura
1295 3073 1383 3144 Appio
1406 3072 1569 3144 obsidebat,
1585 3075 1648 3131 iude
1660 3078 1762 3134 accitus
1776 3120 1784 3145 ,
1800 3080 1871 3136 inter

220 3156 290 3201 mss.
306 3143 487 3202 desideretur.
500 3144 632 3217 Copulam
644 3156 683 3211 et,
699 3147 827 3217 quoniam
842 3145 971 3201 meliores
986 3146 1018 3199 li·
1071 3141 1242 3215 Esquilinam
1257 3141 1446 3213 Collinamque
1461 3155 1568 3227 portam
1580 3156 1670 3201 eastra
1682 3146 1807 3204 lrabebat.
1824 3150 1871 3206 bi·

220 3212 332 3271 britton
351 3226 522 3288 agnoscunt,
541 3216 705 3286 antisimus,
720 3218 793 3274 sieut
806 3227 831 3273 et
848 3215 951 3273 deleuit
965 3214 1056 3296 Pac
1072 3213 1133 3269 tius
1154 3220 1183 3269 et
1204 3214 1250 3269 alii
1276 3227 1383 3269 omnes.
1405 3213 1473 3270 bitit
1499 3215 1582 3271 rerba
1594 3214 1641 3271 lib.
1659 3232 1733 3281 rrrt,
1746 3234 1807 3286 cap.
1822 3222 1867 3287 tt,

220 3284 335 3342 bricius.
1072 3292 1155 3340 stant:
1171 3282 1228 3339 Nec
1242 3281 1354 3340 Flaccus
1364 3286 1535 3357 consulesque
1546 3296 1673 3341 calomen
1688 3288 1867 3346 detrectaterr.

256 3357 284 3413 5.
309 3357 359 3411 Per
372 3357 521 3415 Sidicinum
536 3358 757 3432 Suessanamque.
782 3360 944 3416 Suessanum
964 3371 1019 3413 uon
1072 3354 1156 3411 P'tnn.
1168 3384 1204 3396 -
1217 3354 1286 3411 bdd.
1312 3363 1378 3411 tett.
1394 3364 1523 3426 excepta,
1540 3362 1669 3426 August..
1686 3358 1758 3414 ltedo
1770 3360 1870 3416 mendo

221 3426 424 3496 Sittuerranum,
439 3442 483 3486 est
496 3433 521 3485 itt
537 3431 675 3485 rartnttseri
698 3445 718 3485 t.
734 3432 823 3487 Orosii
841 3428 1019 3499 Eutrtrpiique
1072 3441 1127 3481 nott
1148 3434 1254 3495 carent,
1275 3426 1340 3481 dum
1365 3426 1505 3492 exhibent,
1520 3428 1565 3483 red
1580 3437 1604 3483 et
1619 3430 1739 3486 consuler
1759 3429 1870 3488 Fuluius

220 3497 310 3555 libris.
327 3499 592 3566 Litiusiibrnxxut,
626 3518 653 3555 er
687 3501 820 3556 uessulam
831 3500 1020 3573 Alisauuntque
1072 3506 1097 3553 el
1110 3494 1220 3552 Publius
1231 3515 1283 3553 noa
1293 3498 1465 3553 detrectavere
1474 3515 1597 3571 puguant.

219 3579 246 3624 et
259 3565 408 3626 Catittateat
427 3589 521 3643 ugrum
534 3573 576 3626 ria
601 3519 696 3626 Karina
711 3574 800 3638 ducit,
818 3573 864 3627 ubi
880 3572 1019 3642 Sigonius,
1109 3568 1153 3624 ill.
1172 3567 1307 3640 Exposita·
1330 3578 1468 3640 ultrumque
1492 3571 1573 3625 acies.
1600 3569 1677 3629 tiens
1699 3572 1785 3629 cades
1805 3589 1866 3630 eum

219 3639 480 3712 perSttestulantant,
496 3643 570 3712 legit.
586 3641 671 3699 Silius
685 3643 750 3699 libr.
764 3643 1023 3715 subocagroprae-
1073 3637 1195 3695 Florem.
1220 3641 1300 3695 tertio
1323 3640 1425 3695 matuit
1448 3647 1565 3710 reposita
1584 3642 1711 3714 utriunque
1732 3646 1798 3699 acie.
1814 3647 1867 3701 Sed

221 3712 318 3780 terito,
335 3714 369 3771 de
381 3716 487 3771 celeris
502 3714 539 3770 ila
550 3714 625 3770 canit
638 3731 644 3766 :
1073 3710 1170 3767 Latine
1181 3712 1266 3781 magis
1275 3711 1399 3768 Florem.
1408 3713 1534 3779 secund..
1543 3713 1576 3768 At
1587 3714 1765 3786 ubieepedt'loe
1778 3718 1870 3771 ιιιήιι·

1073 3798 1122 3852 que
1136 3784 1203 3837 acies
1218 3783 1398 3837 constiterunt.

299 3832 934 3961 lael
1075 3851 1304 3987 ,gp-„gp-
1330 3852 1407 3908 ιι·
1424 3851 1581 3921 m....,
1606 3854 1670 3910 eu·
1687 3863 1714 3912 ι
1812 3858 1871 3928 ι·

300 3958 411 4021 0ritbgia
451 3971 515 4019 ntos;
528 3959 587 4008 binc
598 3956 708 4009 Allienus
718 3958 805 4010 iacebo

298 4019 370 4069 ilaud
382 4020 568 4084 mmm„
581 4020 742 4133 ssgsslihsslllfl
755 4020 865 4073 babiuta
880 4018 960 4072 &spui
1113 3992 1157 4076 ιι.
1178 3993 1310 4095 Annibali.
1328 3992 1357 4048 in
1375 3993 1471 4050 codice
1490 4010 1568 4078 tneo,
1585 4004 1613 4050 ιιι
1631 4006 1656 4051 et
1674 3996 1744 4079 Pltr.
1762 3996 1871 4083 legiter,

302 4082 366 4133 qu„
378 4089 529 4143 mmmm,
543 4090 589 4134 pc,
621 4097 675 4133 gg„
1076 4064 1246 4132 Αιιιιιιιιιιι,
1260 4065 1331 4137 quod
1348 4081 1418 4121 atne
1433 4078 1564 4121 momtum
1584 4082 1639 4121 nott
1651 4069 1755 4137 iutssel,
1772 4085 1824 4126 ntst
1837 4083 1872 4125 et

1077 4136 1104 4191 itt
1120 4136 1182 4190 cad.
1206 4136 1328 4207 longob.
1344 4146 1370 4192 et
1386 4138 1412 4191 in
1436 4138 1548 4209 reliquis
1566 4137 1837 4198 duobustctustissin
1850 4142 1873 4198 is

257 4206 285 4263 6.
307 4204 401 4262 Tribus
419 4206 535 4262 millibus
548 4206 580 4261 al
595 4205 674 4264 liele.
696 4206 741 4264 Sic
754 4206 867 4263 Livius:
884 4202 956 4260 inter
970 4205 1025 4260 lter
1077 4205 1201 4263 Floreat.
1217 4211 1257 4264 sic
1277 4223 1385 4279 qnoque
1406 4211 1583 4266 scriberetur.
1604 4210 1672 4266 liinc
1690 4212 1815 4281 suspicor
1834 4211 1874 4269 le-

224 4278 341 4333 Annibal
363 4278 399 4330 ad
421 4278 545 4332 Anienem
567 4281 673 4336 lautam
691 4279 743 4333 tria
758 4278 841 4333 millia
856 4294 978 4350 passuum
993 4276 1025 4330 al
1078 4287 1152 4334 alum
1165 4280 1192 4333 itt
1207 4294 1273 4334 mss.
1290 4280 1354 4335 alim
1369 4279 1541 4350 praeludit,
1557 4281 1629 4352 quad
1640 4284 1773 4352 sequitur,
1789 4292 1816 4339 et
1825 4301 1874 4353 pm

224 4347 296 4404 vele
315 4358 400 4403 rasim
415 4348 649 4406 admouitFlortts
661 4349 722 4405 libr.
741 4365 771 4419 u,
786 4364 846 4418 cap.
862 4356 889 4412 ll,
907 4348 1026 4403 Anttiba·
1078 4364 1132 4419 qno
1146 4351 1239 4404 restitit
1256 4350 1380 4419 quadam
1398 4350 1498 4406 lrabeat
1511 4352 1574 4408 cdd.
1591 4353 1674 4407 ittisse
1691 4355 1809 4408 abstulit.
1825 4354 1874 4409 Ilei

222 4418 277 4475 leta
291 4430 380 4475 castra
415 4424 519 4474 usttissc
533 4436 548 4475 a
561 4423 642 4476 tertio
656 4420 764 4491 lapide,
787 4420 836 4475 ait.
863 4419 966 4475 Plinius
978 4418 1025 4473 lib.
1079 4421 1206 4476 uidelicet
1220 4422 1359 4476 miseratio
1369 4420 1481 4475 abstulit
1499 4431 1526 4476 ct
1541 4422 1643 4477 atuotit
1658 4433 1817 4493 tempestate
1827 4438 1875 4478 sn-

224 4505 271 4557 st,
285 4504 347 4560 enp.
372 4436 418 4559 is,
440 4491 533 4546 Castra
546 4490 649 4545 Punica
669 4492 703 4545 ad
727 4493 830 4546 tertium
846 4490 958 4563 lapidem
973 4488 1029 4544 ual-
1080 4492 1135 4546 bita
1151 4506 1165 4545 a
1181 4492 1267 4546 mutis
1281 4491 1374 4546 Romae
1384 4491 1545 4548 Annibalem
1557 4536 1564 4561 ‚
1577 4508 1656 4563 qnettt
1671 4509 1767 4549 arcere
1779 4510 1876 4551 munus

225 4560 290 4616 leta.
305 4563 451 4632 Eutropius
466 4577 542 4627 reto,
565 4560 679 4616 Antullal
690 4578 771 4633 usqae
783 4563 819 4616 ad
831 4572 953 4633 quartum
968 4561 1028 4615 ttril·
1081 4562 1208 4617 ltnmanat
1223 4578 1237 4615 a
1254 4562 1385 4630 capienda
1400 4563 1495 4618 endem
1511 4577 1565 4617 uon
1580 4574 1715 4628 punctam.

225 4630 331 4687 lieritaa
347 4631 426 4689 Urbis
449 4635 566 4701 accessit,
583 4646 698 4705 quocum
716 4636 854 4689 consentit
875 4623 1068 4702 Appianasl)
1116 4633 1160 4689 lb.
1182 4631 1236 4686 Per
1256 4633 1384 4702 pluuium.
1400 4633 1466 4697 One
1486 4648 1524 4687 ra
1581 4633 1712 4690 Routattis
1734 4635 1760 4689 itt
1784 4634 1874 4692 dubiis

223 4703 272 4775 qui
290 4704 316 4759 in
332 4705 401 4759 libro
420 4704 550 4761 derebus
573 4703 716 4759 Annibalis
736 4703 834 4759 scribit
850 4703 937 4775 ipsum
952 4717 1026 4757 rustt
1081 4704 1162 4759 rebtts
1178 4718 1304 4773 magnum
1322 4702 1448 4767 prestitit
1463 4718 1525 4758 erno
1536 4711 1686 4759 amentum.
1702 4706 1816 4761 llrosius
1828 4724 1877 4761 att-

224 4773 260 4829 ab
274 4773 349 4832 iirbe
364 4774 496 4830 stadiasd
511 4775 645 4830 Anienem
663 4772 777 4829 Aurium
790 4782 880 4829 castra
892 4773 1026 4843 posuisse.
1080 4781 1136 4830 tem
1159 4774 1186 4828 in
1212 4774 1287 4829 bisce
1306 4773 1377 4829 idem
1403 4783 1501 4830 tractat
1525 4786 1714 4845 argumentum
1737 4786 1764 4833 et
1780 4778 1877 4834 eodem
1961 4776 1963 4779 ⁴

223 4844 261 4901 At
275 4845 373 4919 Polyb.
391 4847 437 4902 lib.
454 4860 480 4901 tt
496 4844 606 4902 ιἰιιαθι
621 4844 712 4907 dudae
724 4846 768 4902 rba
779 4847 896 4902 ἰιιίωια
913 4844 1028 4916 ποταμὸν
1082 4845 1175 4913 modo,
1190 4854 1220 4899 ut
1234 4844 1407 4901 Tertuiianus
1423 4845 1449 4900 in
1466 4845 1641 4917 apologetico
1652 4861 1713 4916 cap.
1727 4862 1755 4903 ι.

223 4919 437 5009 peiorum-pleae
457 4919 524 5008 itaet
539 4923 575 4990 μὴ
598 4917 687 4973 πλεῖοι
711 4913 1028 5006 τπταρὰιιιταθσταδιιιι
1120 4917 1165 4972 tt.
1189 4915 1228 4999 All
1247 4915 1410 4989 lrujutnrodi.
1427 4916 1494 4999 Quia
1516 4932 1569 4971 ιιοιι
1583 4919 1649 4999 sutis
1663 4928 1725 4988 apte
1738 4917 1878 4976 coherere

223 4986 1027 5130 ιιιιιιιιιιιιιιιιιιιιιιιιιιἰι
1082 4987 1401 5123 :seditionarii
1417 4987 1880 5118 ιιιιιιιιιιιιι.ἰε

223 5146 307 5202 ιιοιι
329 5131 454 5198 acuent,
470 5139 500 5186 ut
514 5140 598 5185 rastra
613 5129 706 5184 stadiis
724 5130 821 5185 rusiae
832 5126 947 5183 millibus
986 5143 1028 5181 as·
1081 5130 1136 5201 psit
1151 5132 1255 5184 Auctor
1277 5130 1309 5183 elt
1331 5128 1482 5202 hujusmodi
1507 5130 1630 5198 seratis,
1654 5145 1704 5200 pro
1727 5147 1782 5203 quo
1796 5136 1878 5190 rerba

223 5217 302 5257 muta
317 5215 333 5253 t
347 5217 400 5256 aaa
416 5202 529 5274 autpllus
555 5200 586 5255 ab
603 5199 786 5270 velefecerit.
810 5199 896 5256 Fron.
912 5227 948 5239 -
963 5144 1029 5255 Giu-
1080 5199 1275 5270 compendiose
1291 5214 1341 5270 pro
1358 5215 1433 5257 ruore
1445 5201 1568 5271 scripto,
1591 5201 1693 5257 deinde
1712 5206 1879 5260 successisse

225 5279 301 5329 teat.
318 5271 436 5337 Bellon..
454 5272 536 5328 eriles
552 5272 717 5327 utllliarilas.
879 5339 885 5344 ,
1080 5270 1273 5327 videturtatis.
1291 5271 1531 5342 llespundeteerte
1541 5271 1696 5327 emendatio
1706 5284 1798 5332 nostra
1813 5275 1876 5341 illis,

262 5344 291 5397 “ι.
312 5340 456 5399 inureres.
470 5342 844 5415 Coli.Longob.cumtribus
857 5340 1024 5413 Lugd.Batl.
1079 5358 1141 5414 qnae
1159 5355 1242 5411 supra
1260 5340 1347 5406 dixit,
1368 5345 1510 5397 romeruati
1533 5344 1576 5397 isti
1596 5345 1771 5416 dedignantur
1789 5348 1877 5417 [atera.

224 5412 472 5483 scultennam,
486 5416 513 5469 t'rt
528 5415 620 5468 muris.
1116 5414 1161 5468 ts.
1182 5412 1241 5477 Quo
1263 5412 1352 5484 rogari
1373 5410 1515 5468 ceneten.
1540 5413 1626 5485 bugd.
1649 5416 1709 5471 ilat.
1735 5430 1791 5472 seo.
1813 5430 1874 5470 cttm

261 5484 291 5541 8.
314 5483 403 5557 lisque
422 5486 457 5540 ad
476 5495 578 5557 portam
602 5483 744 5541 Collinam.
769 5484 868 5540 Cicero
890 5482 989 5553 Pltilip.
1006 5497 1027 5551 t,
1079 5482 1225 5553 Peritum,
1246 5499 1297 5554 qua
1314 5498 1407 5556 rogere
1425 5481 1558 5539 Cirristuttt
1577 5495 1601 5541 et
1616 5483 1769 5543 Christianis
1790 5487 1877 5557 rogari

225 5555 353 5624 Annibal,
375 5557 465 5628 medo,
489 5560 542 5611 er'at
563 5556 598 5611 atl
614 5564 716 5628 portat.
731 5555 785 5613 Sed
797 5555 831 5612 de
843 5553 886 5610 ltis
900 5554 1028 5610 omuibus
1083 5555 1251 5627 permittitur.
1269 5553 1323 5610 Pro
1337 5555 1494 5626 permittitur
1505 5556 1580 5611 iletts
1593 5558 1651 5614 ruit
1664 5556 1823 5627 pertentium.

225 5625 324 5685 Liuius
337 5628 460 5698 copiose.
476 5626 559 5683 Prae.
1120 5626 1164 5682 lli.
1184 5624 1241 5679 Pro
1253 5634 1327 5696 perte
1340 5627 1392 5681 stri.
1412 5625 1464 5682 lid.
1480 5630 1607 5698 August..
1628 5643 1676 5699 pru
1690 5626 1811 5681 tarditate
1825 5628 1877 5682 eui.

263 5700 293 5754 lt.
315 5697 369 5755 Sed
379 5709 404 5753 et
414 5699 549 5766 consuler,
563 5695 725 5770 Fuluiusque
744 5695 910 5770 proconsule.
933 5694 973 5751 ila
987 5696 1031 5751 bie
1120 5697 1164 5752 i'l.
1185 5696 1207 5752 A
1221 5698 1303 5767 fratre
1314 5696 1468 5752 Asdrubale.
1480 5696 1518 5753 lta
1530 5699 1683 5781 legendum,
1700 5712 1765 5766 unu,
1777 5696 1878 5752 Atelru·

230 5768 397 5826 iaeusrecte
412 5770 438 5825 in
454 5770 581 5825 omnibns
596 5768 789 5839 manuscriptis
806 5769 965 5840 legitur,·ut
980 5766 1031 5823 mi·
1083 5768 1159 5824 lulis.
1175 5765 1309 5824 Asdrubal
1324 5767 1485 5832 Bnrcbinus,
1500 5767 1644 5824 Anmbaiis
1658 5768 1753 5835 irater,
1769 5766 1802 5824 P.
1815 5766 1876 5825 Sei·

230 5839 288 5901 reri
307 5840 376 5901 satis
399 5856 454 5901 non
479 5841 582 5917 possim
599 5839 789 5916 negligentiam
804 5853 912 5912 eorum,
923 5838 969 5912 qui
986 5851 1030 5897 se·
1083 5839 1194 5915 pionem
1207 5852 1271 5928 cunt
1283 5839 1406 5900 exercitu
1420 5838 1536 5912 delerit,
1553 5852 1586 5897 aa
1599 5838 1812 5913 undetrigesimo
1831 5840 1876 5902 die
