4192 6434
467 362 614 423 1113

470 480 619 537 sicut
657 480 677 512 ⁷
745 477 1042 552 Eutropius
1081 463 1320 550 scribit,
1383 480 1505 539 Jaui
1552 494 1739 554 portas
1810 483 2024 556 aperuit
2053 501 2068 539 z
2101 500 2150 557 Λ

468 588 610 646 quas
663 581 849 630 utrum
919 583 1044 643 post
1101 574 1498 646 Vespasianum
1552 586 1609 633 ct
1652 577 1834 636 Titum
1876 577 2075 650 aliquis

467 666 762 733 clauserit,
810 667 1088 724 nemiuem
1162 668 1454 740 scripsisse
1503 673 1758 739 memini,
1811 687 1934 729 cum
1993 682 2073 728 ta-

465 778 594 821 men
641 777 738 820 eas
786 763 856 821 ab
897 764 1019 835 ipso
1039 763 1373 836 Vespasiano
1422 776 1549 837 post
1595 782 1795 824 anuum
1825 777 2069 839 apertas,

467 856 1041 914 ⁸Cornelius'l'acitus
1074 858 1290 929 prodat.
1323 857 1492 931 igitur
1511 860 1849 928 Gordianus,
1876 862 2071 938 ingen-

464 948 618 1006 tibus
642 948 850 1019 praeliis
872 947 1164 1006 adversum
1187 949 1418 1008 Parthos
1441 966 1707 1023 prospere
1727 954 1917 1026 gestis,
1941 968 2069 1010 suo-

467 1055 594 1096 rum
623 1038 816 1097 fraude
847 1038 994 1096 baud
1037 1040 1200 1113 longe
1232 1057 1264 1098 a
1292 1045 1312 1077 ⁹
1337 1042 1592 1103 circesso
1636 1038 1802 1116 super
1827 1044 2074 1119 Euphra-

465 1138 578 1189 tem
606 1129 934 1189 interfectus
954 1141 1064 1189 est.

1515 364 1988 427 msToutanuM
2024 365 2230 426 Lmen
2271 364 2384 427 vll.
2425 365 2577 425 CAP.
2619 366 2741 426 XX.

3630 371 3775 432 tut

2677 483 2839 558 512
2884 481 3115 542 canor
3153 484 3278 542 xx.

2395 620 2684 696 Imperium
2713 621 2791 678 M.
2822 623 2959 678 Julii
2990 622 3232 696 Philippi
3266 641 3384 679 cum
3424 625 3558 695 filio.

2243 758 2404 814 Anno
2443 757 2513 814 ab
2563 756 2708 815 uube
2761 758 2981 814 condita
3031 774 3375 825 occecinerit,
3408 762 3423 793 ¹
3457 760 3770 835 Philippus,

2173 856 2469 926 vigesimus
2498 859 2729 924 quartus
2781 851 2850 908 ab
2878 854 3153 924 Angusto,
3192 854 3488 924 imperator
3514 865 3772 922 creatus,

2175 948 2197 980 ¹
2229 946 2537 1016 Philippum
2576 943 2747 999 illium
2765 958 2922 999 suum
2946 954 3255 1001 consortem
3270 947 3424 1018 regui
3443 945 3592 1015 lecit,
3614 963 3767 1004 man·

2175 1040 2356 1110 sitque
2382 1038 2436 1093 in
2466 1052 2533 1093 eo
2553 1038 2715 1092 annis
2767 1044 3000 1106 septem.
3044 1037 3144 1094 llic
3171 1038 3378 1107 primus
3408 1040 3569 1115 513
3599 1041 3775 1111 impe-

2176 1142 2419 1192 ratorum
2444 1131 2686 1188 omnium
2714 1128 3066 1187 Christianus
3104 1130 3203 1186 ruit
3226 1175 3241 1200 ‚
3277 1146 3341 1188 ac
3382 1141 3507 1205 post
3553 1134 3771 1191 tertium

1758 1295 2214 1359 ttAvEttcsttpl
2252 1289 2487 1351 NOTAE.

458 1422 560 1465 reo
585 1448 604 1474 ,
637 1407 691 1464 in
734 1420 843 1480 quo
869 1407 1089 1463 bustum
1118 1406 1360 1466 cernitur
1382 1410 1641 1469 Gordiani
1667 1452 1684 1479 ,
1730 1413 1914 1483 capite
1944 1412 2062 1466 lau-

459 1486 641 1545 reato,
662 1494 786 1535 cum
818 1478 1202 1550 paludamento
1229 1482 1295 1537 ad
1324 1481 1590 1538 humeros
1613 1525 1630 1552 ‚
1661 1484 1850 1540 dextra
1879 1483 2063 1553 spicu-

457 1550 573 1607 lum
598 1551 762 1621 gerit‚
792 1550 924 1606 laeva
947 1551 1219 1621 clypeum.
1250 1552 1307 1608 ln
1334 1554 1528 1626 clypeo
1553 1553 1865 1627 depingitur
1884 1554 2059 1625 impe-

463 1630 620 1676 rator
643 1636 832 1692 eunies.
856 1622 1200 1688 praecedente
1225 1622 1463 1680 Victoria
1491 1633 1548 1681 et
1568 1628 1946 1697 subsequente·
1962 1625 2061 1679 mi-

463 1691 576 1747 lite.
624 1690 909 1762 inscriptio
935 1694 1139 1748 nummi
1170 1694 1240 1748 ab
1267 1709 1332 1749 ea
1365 1686 1519 1758 nart'e
1549 1696 1667 1753 baec
1692 1707 1797 1760 est.
1828 1695 2063 1752 lMPera-

2168 1416 2322 1480 parte
2347 1404 2568 1476 legitur,
2602 1399 2803 1457 FIDES
2836 1398 3267 1470 EXERClTVS‚
3308 1402 3465 1475 eujus
3491 1412 3651 1477 typus
3678 1414 3762 1462 est

2169 1483 2338 1550 ligura
2384 1473 2636 1532 militaris
2702 1488 2923 1529 manum
2979 1488 3102 1527 cum
3154 1475 3482 1545 imperatore
3533 1476 3769 1546 jungens

2166 1554 2412 1617 adeoque
2453 1554 2851 1602 sacramentum
2885 1551 3148 1616 praestans
3173 1586 3188 1609 ,
3234 1546 3566 1602 intermediis
3593 1548 3766 1617 signis

2168 1620 2523 1684 militaribus;
2555 1623 2676 1685 post
2697 1616 3079 1683 imperatorem
3110 1625 3216 1671 stat
3236 1615 3628 1685 Victoriacum
3656 1619 3769 1688 pal·

2171 1708 2257 1748 ma
2283 1708 2298 1756 ;
2322 1690 2394 1761 ‚ad
2415 1688 2596 1766 pedes
2621 1686 2730 1742 duo
2756 1686 2907 1740 lluvii
2937 1686 3279 1755 recumbunt,
3311 1689 3507 1759 quibus
3535 1688 3763 1746 forsitan

461 1771 544 1818 tor
571 1761 878 1832 costulam
889 1763 969 1820 VS
995 1762 1150 1820 Ptvs
1176 1763 1388 1822 1²13th
1414 1767 1723 1825 AVGustus.
1778 1767 1863 1824 Ab
1888 1767 2063 1824 altera
2094 1764 2142 1827 B
2167 1763 2352 1820 Tibris
2378 1771 2435 1819 et
2461 1757 2638 1830 Tigris
2666 1756 3039 1830 designantur.

518 3360 575 3417 ·Ι.
612 3358 923 3429 Eutropius.
970 3360 1091 3418 Lib.
1127 3377 1182 3417 tx
1208 3403 1224 3429 ‚
1279 3373 1402 3429 cap.
1429 3361 1492 3417 ll
1518 3401 1533 3425 ‚
1563 3375 1690 3431 pap.
1725 3359 1870 3417 595:
1902 3359 2046 3415 Gor·
2076 3359 2122 3423 C
2153 3373 2287 3427 cap.
2320 3356 2381 3413 ll
2402 3401 2418 3418 .
2451 3371 2575 3428 pag.
2628 3356 2770 3414 596:
2803 3358 2956 3415 Miles
2987 3360 3037 3415 ei
3075 3363 3331 3418 ineundum
3370 3365 3616 3435 ripesimo
3650 3367 3771 3423 mil-

443 3432 640 3488 diauus
664 3473 679 3495 .
707 3432 995 3487 admodum
1038 3450 1190 3503 puer.
1234 3449 1353 3487 cum
1402 3431 1822 3504 Tranquillt‘nam
1867 3431 2050 3487 Rornoe

444 3504 684 3559 duxisset
741 3519 990 3570 uxorem,
1037 3503 1236 3558 Ianum
1285 3503 1548 3572 geminum
1587 3503 1831 3575 aperuit,
1884 3514 1932 3557 et
1978 3505 2049 3557 ad

445 3573 720 3629 Orientem
748 3579 1012 3646 protectus
1041 3620 1055 3642 ,
1099 3574 1313 3629 llurtln's
1349 3573 1545 3628 bellum
1575 3575 1783 3639 intulit,
1819 3574 1908 3644 qui
1929 3576 2046 3645 jam

441 3645 801 3701 moliebantur
847 3661 1143 3718 erumpere,·
1190 3646 1333 3717 quod
1377 3644 1591 3716 quidem
1643 3662 1767 3700 mox
1822 3645 2047 3716 feliciter

439 3716 603 3789 gessit
622 3759 638 3781 ,
667 3716 969 3788 praeliisque
995 3717 1294 3787 inuentibus
1319 3714 1510 3771 Persas
1538 3717 1759 3788 afflixit.

515 3786 575 3842 8.
606 3786 883 3844 Cornelius
907 3784 1372 3858 Tacitusprodat.
1425 3788 1539 3842 Non
1588 3787 1809 3858 quidem
1848 3787 1904 3841 in
1936 3784 2043 3842 illis

439 3856 623 3924 libris,
653 3859 744 3926 qui
777 3857 955 3923 nobis,
990 3874 1056 3914 ex
1091 3865 1247 3912 tanto
1279 3858 1566 3929 naufragio
1597 3865 1919 3929 supersunt,
1943 3860 2040 3915 sed

441 3942 584 4001 quos
611 3943 713 3986 suo
755 3937 997 3996 tempore
1044 3929 1177 3998 legit
1211 3927 1456 3991 Orosius.
1490 3939 1548 3985 ut
1588 3936 1739 3999 patet
1765 3942 1832 3985 ex
1861 3927 2042 3985 verbis

440 3998 697 4069 eiusdem
727 4002 846 4056 sive
866 3999 1039 4055 'l'aeiti
1071 4014 1234 4069 supra
1263 4014 1386 4070 cap.
1418 3998 1474 4056 9.

513 4071 570 4128 9.
603 4069 858 4126 Gir-cesso.
891 4070 1297 4142 Mesopotamiae
1334 4069 1540 4140 oppido
1588 4068 1733 4126 inter
1768 4068 2040 4139 Nicepho-

440 4140 585 4199 rium
629 4152 686 4197 et
725 4140 998 4198 chabor-m
1050 4141 1450 4207 confluentem,
1504 4142 1560 4197 in
1622 4143 1823 4211 angulo
1914 4156 2038 4197 uem

438 4211 695 4269 chabon-a
737 4211 934 4269 fluvius
963 4227 1087 4268 eum
1143 4212 1429 4283 Euphrate
1478 4210 1639 4279 facit,
1691 4212 1783 4269 ubi
1831 4212 1885 4268 in
1914 4210 2038 4268 elici

434 4282 623 4355 iuveni
667 4283 913 4342 tumulus
960 4291 1273 4341 exstructus
1314 4283 1441 4340 l'uit.
1470 4282 1770 4356 Eutropius
1810 4283 1908 4340 lib.
1940 4297 1996 4339 tx
2020 4325 2037 4355 ,

2158 3430 2313 3486 liario
2340 3447 2371 3483 a
2399 3428 2631 3485 circesso
2658 3470 2672 3494 ‚
2709 3430 2850 3498 quod
2879 3440 3107 3487 castrum
3131 3450 3271 3490 num
3301 3434 3654 3493 Romanorum
3683 3449 3760 3494 est

2156 3500 2421 3569 Euphrati
2445 3501 2744 3565 imminens,
2773 3502 3074 3568 mclilicovit.

2226 3573 2358 3628 CAP-
2400 3570 2522 3626 XX.
2544 3602 2614 3613 --
2641 3573 2691 3625 1.
2736 3570 3044 3645 Philippus.
3081 3575 3158 3631 lte
3200 3576 3456 3645 Philippo
3485 3591 3674 3645 patre,
3706 3590 3763 3638 et

2153 3641 2408 3709 Philippo
2430 3644 2544 3697 lilio
2575 3641 2881 3708 Eutropius
2921 3653 2977 3699 et
3013 3646 3144 3702 Sex.
3190 3650 3472 3707 Aurelius.
3506 3652 3763 3707 Faria.—

2152 3713 2420 3769 Possideo
2468 3712 2627 3781 huius
2659 3713 2896 3784 Philippi
2935 3718 3205 3773 numisma
3236 3719 3507 3790 Gra-cum,
3545 3724 3597 3777 in
3631 3741 3759 3794 «fluo,

2150 3800 2180 3840 a
2215 3794 2368 3852 parte
2395 3784 2564 3856 priori
2591 3793 2749 3854 caput
2799 3785 2919 3855 ans
2960 3788 3209 3842 cernitur
3253 3791 3561 3848 laureatum
3585 3837 3600 3861 ‚
3633 3808 3758 3849 cum

2148 3855 2539 3928 paludamento
2584 3855 2653 3909 ad
2711 3855 3000 3922 humeros;
3039 3859 3357 3926 ascribitur,
3401 3865 3758 3942 ΑΥΤοκρὰτωρ

2150 3930 2348 4002 italo-ap
2396 3925 2598 4001 Μάρκος
2627 3937 2851 3989 1οΥΔιος
2903 3936 3180 3989 ΦΙΛΙΠΠΟΟ
3201 3971 3217 3996 ,
3259 3930 3556 4003 Imperator
3584 3934 3761 3991 Caesar

2150 3998 2366 4053 Marcus
2403 3996 2587 4053 Julius
2620 3996 2927 4069 Philippus.
2955 3999 3039 4053 Ab
3066 3999 3242 4057 altera
3275 4011 3431 4073 parte
3457 4003 3756 4063 Fortunam

2149 4083 2272 4125 cnm
2302 4068 2486 4123 modio
2523 4068 2576 4122 in
2607 4070 2827 4139 capite,
2869 4070 3158 4137 signarunt
3187 4071 3463 4145 Ancyrani
3489 4090 3614 4130 cum
3659 4077 3761 4134 hac

2147 4138 2451 4210 epigraphe
2467 4184 2483 4211 ,
2510 4147 2852 4199 Arxrt’mnN
2876 4144 2973 4197 Eni
2996 4151 3205 4200 ΜΔΡκου
3229 4157 3454 4203 ΖΟΙΛΟΥ
3469 4152 3760 4226 ΔΡΧιερὲως

2146 4221 2207 4268 Δ.
2240 4222 2322 4267 ΤΟ
2352 4223 2422 4277 13,
2468 4211 2872 4283 Ancyrauorum
2922 4212 3016 4267 sub
3064 4213 3249 4272 Murro
3292 4216 3446 4274 Zoilo
3492 4222 3761 4276 sacerdote

2147 4298 2351 4339 summo
2376 4281 2538 4339 semel
2567 4291 2724 4354 atque
2746 4284 2950 4341 iterum.

499 5536 562 5595 2.
605 5538 918 5612 Philippum,
945 5542 1119 5614 filium
1141 5589 1156 5611 ,
1199 5554 1308 5604 etc.
1343 5545 1502 5605 Unde
1548 5547 1598 5605 is
1643 5561 1864 5618 quoque
1899 5561 2028 5605 cum
2056 5550 2111 5614 D
2134 5556 2349 5607 Atnnoc
2390 5560 2729 5620 Απουστος,
2778 5551 3078 5620 liuperotor
3103 5552 3283 5611 Goesar
3326 5551 3542 5608 Marcus
3565 5550 3747 5610 Julius

428 5609 596 5667 tituto
619 5612 852 5695 Augusti
881 5616 934 5670 in
963 5616 1199 5672 nummis
1219 5622 1481 5686 occurrit,
1513 5628 1574 5675 nt
1602 5620 1867 5675 in'Graeco
1890 5636 2027 5689 quo-

425 5696 541 5747 que
585 5685 814 5752 majoris
860 5687 1105 5752 moduli,
1134 5704 1296 5759 quem
1332 5704 1515 5758 servo,
1546 5691 1831 5747 Laodiceae
1868 5704 2021 5746 cuso.

427 5750 718 5823 Philippo.
765 5756 925 5824 enjus
962 5768 1131 5827 eaput
1181 5763 1485 5818 laureatum
1531 5779 1559 5816 a
1594 5770 1751 5833 parte
1803 5764 2022 5831 priore,

429 5838 559 5905 eum
661 5824 976 5882 ludamento
1003 5829 1069 5885 ad
1098 5831 1354 5888 humeros
1381 5832 1699 5899 exhibetur;
1729 5833 1847 5887 haze
1869 5833 2027 5891 adest

429 5908 450 5951 Ι
605 5896 749 5967 ptio,
795 5902 1150 5978 ΔΠοκράτωρ
1193 5905 1385 5980 taio-ap
1427 5906 1630 5981 Μάρκος·
1675 5913 1895 5968 1οΥΛιος
1935 5915 2022 5959 Φι-

2137 5621 2422 5695 Philippus
2450 5624 2738 5695 Auyustus.
2769 5625 2851 5680 Ab
2874 5625 3046 5681 altera
3094 5636 3252 5696 parte
3280 5632 3390 5678 stat
3419 5624 3594 5690 ligura
3627 5640 3747 5679 mu-

2134 5691 2355 5759 liebris,
2409 5699 2589 5763 capite
2640 5695 2921 5758 modium.
2970 5698 3164 5752 dextra
3213 5693 3560 5758 inunculam.
3609 5695 3745 5751 laeva

2133 5768 2520 5835 cornucopiam
2539 5769 2745 5824 ferens.
2762 5767 3088 5836 Ascribitur,
3103 5777 3388 5823 ,ιοΔικεΩΝ
3403 5775 3745 5825 ΝΕΩκοΡΩΝ.

2134 5833 2542 5893 Laodicensium
2564 5836 2617 5892 N
2621 5855 2945 5896 eocororum.
