4192 6434
156 387 224 448 tttt
693 379 797 437 tlbslt
817 378 863 436 lla
882 373 1035 435 sublinit
1056 373 1265 434 sipunculis.
1737 373 1807 432 tttn
1857 413 1861 417 .

154 518 230 578 putat,
246 515 282 558 ex
296 499 376 571 cuius
390 512 441 556 ore
456 495 589 554 Dominus
601 494 737 553 uuirerste
752 494 852 553 Africae
863 495 955 551 unita·
969 499 993 559 Λ
1009 493 1089 560 tiant,
1103 508 1165 550 eum
1178 503 1272 564 patres
1288 492 1385 550 audias
1396 492 1461 565 quid
1476 491 1669 551 det-emanti»

155 599 190 654 tis
202 594 348 652 indulserit
357 593 515 661 sanitatem,
528 606 583 647 ttou
595 592 709 647 sotuma
732 597 869 647 conterttu
886 589 956 657 illo,
1044 587 1073 644 ti.
1089 589 1125 643 At
1138 587 1266 660 quoditie
1281 588 1327 642 diu
1344 586 1497 659 disputans,
1512 596 1540 642 ct
1553 587 1671 657 nostris,
1695 595 1806 657 propter

155 707 252 751 rerum
279 690 315 746 ab
328 687 404 746 omui
429 687 551 744 Ecclesia
578 685 736 758 pollentium
754 702 762 752 ;
781 702 791 738 ι
812 685 958 756 episcopus
1008 681 1171 753 imperitiam
1185 682 1268 753 ignoti
1284 680 1362 737 nobis
1373 680 1540 750 interpretis,
1554 694 1635 751 tptrem
1656 679 1808 748 sepissime

153 788 275 847 loannes
291 784 469 853 illicoeum,
483 781 623 838 ltotuinem
641 778 771 836 videlieet
791 777 888 836 laicum
903 820 911 846 ,
928 777 957 834 itt
1008 776 1058 831 viri
1076 776 1198 846 primarii
1211 782 1239 831 et
1254 775 1388 848 religiosi,
1401 775 1545 831 Posserius
1556 773 1810 846 etArituspresby·

153 895 286 939 consessu
296 875 605 951 presbytororutureutn
620 873 767 943 ltaercseos,
779 871 956 929 tuaniiestein
1009 866 1072 934 teri,
1088 878 1116 923 et
1133 866 1264 922 Dominus
1274 882 1307 924 ex
1319 867 1404 935 lluce,
1421 866 1462 923 uel
1473 882 1556 938 pltare
1567 869 1807 937 interpretantem,

153 977 245 1038 toedio
260 973 460 1032 eatuoticorum
476 970 576 1028 sedere
586 968 766 1042 praecepit3et
780 966 882 1023 deinde
892 967 930 1021 ait
948 986 955 1021 :
1008 961 1053 1018 rel
1067 961 1145 1032 plura
1160 962 1448 1032 supprinteutem,ttel
1464 962 1516 1018 alia
1533 977 1565 1018 ex
1582 963 1644 1018 aliis
1659 975 1809 1033 suggeren-

157 1090 168 1127 t
185 1067 353 1140 Augustinus
366 1080 417 1136 ego
431 1079 513 1130 sunt,
530 1084 539 1116 ι
558 1072 589 1120 ιιι
603 1061 709 1119 scilicet
734 1075 849 1131 persona
877 1059 956 1132 qttnsi
1009 1061 1063 1108 tcnt
1078 1051 1289 1109 confutaverunt
1305 1071 1311 1107 :
1327 1053 1445 1119 nostris,
1462 1064 1493 1108 ut
1512 1052 1578 1120 disi,
1595 1052 1751 1108 actionibus
1764 1058 1806 1107 tet

161 1160 306 1237 presentis
318 1166 469 1228 assumpta,
484 1156 599 1214 liberius
610 1171 644 1212 ea
659 1154 821 1211 auctoritate
835 1159 895 1223 ejus
909 1154 958 1223 qui
1008 1147 1182 1218 itrtetpolatis
1197 1148 1360 1220 plerumque
1374 1148 1417 1204 rei
1430 1149 1538 1215 tacitis,
1556 1150 1700 1218 episcopus
1722 1145 1806 1203 ioan·

154 1255 307 1314 laedebatur
320 1252 485 1324 ignosceret,
497 1258 525 1306 et
534 1249 686 1306 dolentium
703 1248 808 1303 animos
821 1257 957 1317 tempera·
1008 1254 1058 1296 nes
1073 1242 1110 1295 ait
1127 1259 1132 1294 :
1150 1259 1160 1292 ι
1179 1239 1280 1297 sisino
1294 1241 1430 1311 adjutorio
1447 1242 1492 1296 liei
1505 1239 1556 1296 litte
1570 1242 1711 1297 bominem
1727 1253 1809 1311 posse

153 1342 593 1407 ret.Coimoxanobisdietum
618 1349 688 1397 est:
719 1359 728 1392 t
759 1339 787 1396 Si
811 1336 956 1409 Augustini
1007 1330 1289 1402 diceret,pessimum
1301 1339 1329 1389 et
1343 1331 1499 1387 damnabile
1519 1341 1588 1387 erat.
1614 1331 1692 1386 Nune
1714 1340 1805 1385 autem

154 1454 300 1514 personam
312 1438 417 1507 sumis,
429 1435 575 1507 Augustini
601 1433 768 1492 seutentiam
797 1445 925 1504 sequere.
942 1449 952 1484 ι
1006 1438 1069 1480 cuut
1083 1424 1207 1494 adjiciat,
1221 1439 1303 1496 posse
1320 1425 1458 1481 bontiuent
1468 1439 1529 1481 esse
1541 1425 1601 1480 sinc
1614 1432 1736 1494 peccalo,
1752 1438 1806 1480 nott

153 1534 231 1592 Tuae
246 1532 318 1589 idem
334 1530 480 1603 episcopus
507 1529 586 1585 nobis
600 1526 729 1583 omuibus
755 1525 793 1580 ait
819 1541 826 1578 ι
856 1542 866 1575 ι
892 1521 956 1579 llaec
1005 1515 1216 1586 sineadjutorio
1230 1517 1288 1584 boi,
1303 1531 1354 1573 vos
1373 1517 1437 1588 nttid
1463 1516 1571 1573 dicitis?
1599 1517 1640 1572 An
1662 1516 1733 1572 lorte
1757 1530 1806 1572 tos

150 1624 367 1698 quaelegontur,
385 1620 687 1689 inaliosdictasuut,
713 1626 761 1674 aut
782 1616 817 1673 de
844 1614 955 1686 Pelagio
1007 1611 1055 1668 Dei
1076 1610 1244 1682 adjutorium
1265 1609 1425 1682 denegatis?
1457 1628 1467 1664 ι
1497 1610 1549 1666 cui
1576 1609 1706 1680 respondi
1731 1624 1804 1680 ego:

151 1714 357 1789 suggerendum
369 1713 471 1785 putasi
483 1713 512 1770 Si
533 1713 561 1768 in
580 1711 668 1782 ipsunt
695 1721 789 1766 auteur
816 1707 954 1779 Pelagium
1009 1722 1019 1756 t
1036 1702 1165 1761 Testibus
1176 1712 1205 1760 et
1218 1704 1425 1761 testificantibus
1444 1704 1528 1760 etiam
1541 1718 1613 1760 nunc
1628 1701 1709 1760 nobis
1722 1711 1806 1758 etsu-

151 1809 219 1883 quid
232 1808 330 1866 dicatis
345 1806 512 1879 expromite.
533 1822 543 1858 ι
560 1805 616 1875 ligo
629 1811 721 1859 autem
737 1801 815 1856 tobis
829 1814 954 1855 aunuen·
1006 1812 1055 1868 pra
1070 1798 1229 1854 memoratis
1242 1798 1317 1866 ciris,
1330 1797 1474 1854 anatliema
1488 1797 1513 1854 ci
1527 1838 1534 1864 ,
1550 1797 1594 1869 qui
1607 1806 1687 1868 negat
1701 1795 1806 1868 adiuto·

152 1903 227 1960 tibus
240 1899 296 1957 diri
314 1899 460 1971 :Pelagius
471 1897 537 1954 milti
551 1896 631 1964 dixit,
647 1896 800 1959 decorose,
815 1892 952 1949 ltotuiuetu
970 1893 1078 1959 Brium
1094 1891 1153 1948 Dei.
1171 1892 1229 1964 Ego
1244 1902 1320 1949 cette
1335 1909 1388 1949 non
1407 1907 1477 1965 nego
1501 1909 1509 1948 ε
1536 1893 1675 1964 praecipue
1698 1907 1760 1946 curu
1788 1905 1805 1946 e

151 2009 235 2067 posse
248 2008 311 2051 esse
322 1991 382 2048 sine
398 2001 522 2064 peccatu,
532 2000 559 2047 ct
569 1988 694 2044 tutandata
707 1987 756 2043 liei
771 1985 953 2042 iacilecusto·

150 2087 224 2154 dire,
240 2086 264 2142 si
276 2084 380 2143 uelit.»
397 2082 550 2154 llespoudit
566 2082 701 2153 Pelagius,
718 2079 895 2135 audientibus
906 2095 953 2133 ro·

151 2177 195 2235 bis
211 2197 218 2232 :
238 2196 247 2231 t
268 2176 324 2234 lloc
336 2185 364 2233 et
374 2175 476 2232 dixisse
490 2190 535 2231 me
545 2183 574 2230 et
588 2174 691 2248 dicere,
706 2186 809 2242 negare
822 2187 876 2228 uon
891 2185 953 2240 pos·

150 2286 224 2330 suin.
241 2290 252 2325 t
269 2270 327 2342 Ego
338 2271 412 2326 illico
426 2276 587 2340 prosecutus
600 2282 675 2323 sont:
692 2285 701 2318 t
718 2266 775 2322 lloe
786 2264 952 2322 iuCoelestio

150 2366 281 2424 Airicana
296 2365 418 2439 synodus
430 2365 565 2421 detestata
577 2370 634 2428 est3
651 2360 703 2418 boc
715 2361 880 2431 Augustinus
893 2360 952 2430 epi·

149 2473 250 2530 scopus
264 2457 374 2530 scriptis
389 2457 469 2524 suis,
485 2455 555 2511 sicut
568 2454 702 2519 audistis,
719 2454 876 2518 ettltorruit;
900 2453 952 2507 boe

150 2549 179 2607 in
195 2550 280 2621 ipsius
293 2564 366 2605 nuuc
377 2547 478 2619 Pelagii
488 2547 600 2620 scriptis
613 2560 662 2602 sua
682 2545 859 2615 responsione
884 2558 952 2600 con·

149 2646 278 2710 detineam
295 2646 347 2701 itoc
360 2653 388 2700 et
403 2645 499 2700 beatus
514 2641 795 2714 ilieronyntus,cujus
810 2639 951 2711 eloquium

150 2739 297 2798 universus
310 2737 456 2805 Occidens,
472 2738 544 2794 sieut
567 2751 614 2795 ros
627 2737 654 2793 in
673 2736 780 2803 tellus,
797 2742 950 2806 exspectat.

150 2832 229 2888 llulti
244 2833 319 2888 euim
331 2831 389 2903 jam
404 2830 527 2888 itteretiei
541 2845 604 2887 cunt
615 2829 790 2901 dogmatibus
809 2830 876 2895 suis,
892 2829 951 2897 ipso

149 2931 336 2996 oppugnante,
351 2921 474 2994 supplosi
488 2932 563 2991 sumt,
580 2932 607 2978 et
621 2922 648 2977 iu
659 2921 773 2991 epistola
794 2935 949 2992 numquam

149 3014 498 3088 nuperadCtesipbontem
512 3014 611 3081 edidit,
633 3015 834 3071 eottdernnatit.
851 3012 951 3071 Simili-

150 3110 270 3165 teretia
283 3108 478 3178 librosquem
492 3123 563 3164 nuuc
571 3107 677 3174 scribit,
689 3107 787 3164 collata
801 3105 948 3161 iurandum

1005 1986 1143 2041 contrario
1158 1986 1184 2042 in
1200 1987 1344 2043 ltaereticos
1368 1986 1547 2044 confutarim.
1577 2008 1587 2043 ι
1614 1987 1718 2043 Peintle
1741 2002 1804 2043 cum

1004 2079 1257 2151 intellectojudiee,
1275 2091 1303 2137 et
1317 2082 1469 2153 interprete
1482 2081 1601 2154 prodito,
1610 2082 1803 2150 clamaremus,

1007 2193 1017 2227 ι
1032 2174 1159 2232 Latinum
1168 2190 1232 2234 esso
1248 2176 1420 2245 lueretieum,
1437 2191 1486 2233 nos
1506 2176 1641 2246 Latinos,
1657 2176 1805 2246 ltaetesim,

1005 2265 1108 2324 latirus
1123 2269 1209 2341 stragis
1224 2269 1348 2340 partibus
1361 2280 1464 2337 notatu,
1481 2269 1587 2326 Latinis
1598 2270 1735 2343 judicibus
1747 2270 1804 2329 dis·
1850 2318 1856 2326 .

1004 2362 1161 2431 serendam,
1179 2379 1235 2421 aso
1256 2379 1325 2436 peno
1348 2364 1522 2436 impudenter
1538 2363 1771 2436 adjudicandum,
1791 2383 1802 2418 t

1004 2473 1067 2514 cunt
1082 2457 1193 2530 quidem
1209 2473 1259 2514 uos
1271 2466 1448 2518 accusatores
1461 2473 1516 2514 non
1531 2473 1664 2529 essemus,
1675 2466 1704 2515 et
1718 2473 1801 2531 uuus,

1003 2557 1031 2605 et
1044 2550 1126 2622 593
1143 2558 1287 2622 suspectus
1302 2551 1452 2622 ingererer,
1468 2550 1521 2608 diei
1536 2568 1551 2606 n
1568 2553 1692 2623 pluribus
1707 2567 1803 2609 neces·

1003 2643 1107 2699 sarium
1117 2643 1167 2699 luit
1184 2662 1189 2695 :
1208 2662 1217 2695 t
1237 2643 1295 2700 Nou
1314 2651 1404 2715 potest
1418 2647 1559 2717 tptisquam
1573 2644 1642 2701 idem
1655 2653 1683 2701 ct
1696 2645 1805 2700 itereti-

1002 2752 1052 2793 cus
1066 2753 1126 2795 esse
1140 2749 1169 2795 et
1182 2739 1331 2797 advocatus
1345 2750 1372 2797 et
1383 2740 1477 2811 juder.
1495 2759 1506 2794 t
1520 2740 1669 2813 llultistpue
1682 2739 1744 2795 aliis
1758 2755 1804 2795 ac·

1003 2830 1100 2897 litatis,
1126 2830 1246 2887 loannes
1261 2832 1407 2903 episeopus
1433 2831 1612 2888 nturissimam
1636 2831 1802 2888 sententiam

1003 2923 1126 2994 protulit,
1143 2922 1310 2980 confirmans
1325 2925 1433 2980 tundent
1450 2923 1660 2996 postulationem
1676 2925 1805 2981 intentio-

1002 3030 1119 3086 nemque
1135 3025 1266 3084 nostram,
1279 3026 1308 3072 ιιι
1322 3018 1356 3073 ad
1371 3018 1481 3074 beatum
1498 3019 1802 3091 innocentiumpnpam

1001 3109 1168 3174 Romanum,
1181 3109 1281 3166 iratres
1297 3122 1324 3166 et
1339 3112 1464 3183 epistolae
1478 3113 1665 3182 mitterentur,
1678 3112 1802 3168 universi

148 3200 249 3273 dialogi
263 3200 442 3258 altercatione
456 3200 589 3258 conlutat.
603 3202 661 3257 lloc
672 3210 715 3258 est
726 3203 801 3257 eniut
812 3199 947 3256 lubricum
1000 3203 1132 3273 quoditie
1147 3203 1461 3271 decerneretseeuturi,·
1475 3205 1523 3261 scd
1540 3217 1568 3260 nt
1584 3205 1730 3261 baereticns
1752 3205 1803 3260 Pe-

151 3291 179 3348 in
189 3292 356 3350 Anticltristo
371 3294 519 3350 draconem
532 3304 680 3359 tencrone
692 3292 916 3365 possitellugere.
937 3313 945 3346 ι
963 3275 987 3341 (ἶ
1002 3296 1089 3367 lagius
1099 3296 1229 3366 imposito
1243 3298 1295 3354 sibi
1308 3307 1420 3355 eatenus
1433 3298 1543 3355 silentio
1556 3299 1763 3366 conticesceret,
1775 3303 1803 3353 el

185 3388 213 3442 ti.
236 3385 427 3445 Porroautern
451 3389 599 3460 episcopus
622 3387 744 3444 Joattttos
764 3387 830 3444 uiltil
853 3387 949 3443 ltorttm

147 3477 272 3546 audieus,
290 3493 306 3534 a
322 3479 401 3534 nobis
414 3480 526 3550 exigere
538 3481 700 3547 conabatur,
726 3490 754 3535 ot
774 3487 949 3537 accusatores

147 3586 210 3640 uos,
218 3573 277 3643 ipso
288 3571 394 3643 iudice,
402 3572 566 3630 fateremur,
578 3574 751 3646 Responsum
762 3576 843 3648 592
853 3575 949 3647 saepis·

146 3665 218 3722 sitae
229 3674 272 3721 est
283 3666 317 3720 ab
332 3666 489 3723 attitursis:
509 3666 588 3723 iilos
602 3680 778 3724 accusatores
797 3668 879 3739 ltujus
894 3683 949 3723 non

145 3773 255 3825 sputus,
269 3759 318 3816 sed
331 3760 395 3832 tpttid
411 3759 511 3818 iratres
523 3761 571 3827 tui,
589 3771 683 3834 patres
699 3765 785 3818 nostri
814 3761 950 3818 senserint

147 3862 176 3909 el
189 3853 366 3910 decreverint
377 3869 461 3926 super
475 3852 526 3911 itae
540 3856 638 3911 berosi
652 3901 659 3926 ,
675 3872 757 3927 qurum
774 3871 848 3913 nunc
863 3856 948 3913 laicus

146 3945 230 4014 sulgo
245 3944 389 4016 praedicat,
398 3945 618 4004 intiutamusrne
630 3948 782 4005 Ecclesiam
797 3956 871 4005 tuam
884 3963 950 4018 prce

146 4039 255 4108 sertim,
268 4039 302 4096 ad
316 4040 397 4109 crrjrrs
410 4041 499 4097 sinum
512 4043 734 4112 convolavimus,
746 4049 773 4099 te
790 4043 945 4115 ignorante,

145 4133 303 4191 conturbet.
325 4153 335 4188 t
348 4135 384 4191 At
399 4135 457 4204 ille,
472 4152 533 4194 cum
546 4153 620 4207 septe
636 4153 689 4195 uos
703 4138 820 4195 docendi
837 4138 950 4195 simula·

146 4228 389 4302 tiouelnaliquam
402 4230 582 4303 professionis
597 4235 717 4304 speciem
735 4242 852 4290 tentaret
871 4233 950 4291 indu·

145 4335 224 4387 cere.
239 4321 373 4380 dicebat:
393 4342 403 4375 ι
424 4325 494 4392 Quia
511 4324 544 4379 ad
559 4323 698 4380 Abrabam
710 4325 811 4381 dictum
833 4333 908 4382 esset
933 4343 948 4382 a

149 4413 286 4471 Potttiuo:
301 4415 416 4470 simbulo
430 4433 517 4473 coram
528 4434 568 4473 ute
582 4426 606 4472 et
617 4426 671 4473 esto
686 4419 742 4473 tine
752 4418 854 4474 utncttlo
869 4417 947 4492 (Gen.

145 4519 214 4572 xtrt,
232 4506 276 4579 i);
296 4516 324 4564 et
343 4507 504 4564 Zacitariam
530 4519 559 4565 et
587 4509 730 4565 lilizabctlt
755 4514 948 4581 prouttntiatos

147 4615 210 4657 esse
219 4602 306 4674 justos
320 4601 411 4659 umbos
423 4612 483 4660 onte
494 4601 636 4659 Dentiuuttt
647 4603 797 4660 incedentes
818 4607 845 4661 iu
864 4606 949 4661 otteni-

1003 3399 1031 3444 ut
1042 3387 1128 3443 uestri
1141 3389 1176 3445 ab
1190 3388 1371 3447 insultatione
1381 3390 1500 3447 corrricti
1514 3391 1630 3447 loannis
1642 3388 1802 3463 conlusitpue

1002 3490 1199 3551 temperarent.
1217 3483 1385 3550 [irriserint
1402 3487 1472 3541 itanc
1483 3484 1646 3541 setttcutiam
1659 3485 1803 3541 cousettsi-

1002 3591 1078 3632 uuts:
1087 3576 1234 3647 gratiarum
1245 3578 1350 3633 actitmc
1363 3578 1510 3647 celebrato,
1524 3594 1590 3650 pace
1604 3579 1685 3647 lactu,
1696 3589 1724 3635 et
1734 3594 1801 3635 eou-

1001 3680 1137 3728 summata
1147 3673 1180 3729 ad
1193 3672 1268 3744 pacis
1282 3674 1468 3730 testimonium
1478 3677 1601 3731 oratione
1614 3675 1801 3731 discessimus.

1037 3766 1065 3819 7.
1083 3763 1158 3820 Nunc
1170 3776 1259 3821 auteur
1274 3777 1333 3837 post
1357 3767 1416 3822 dies
1430 3765 1609 3838 quadraginta
1635 3774 1663 3821 et
1677 3776 1800 3836 septem,

1001 3869 1064 3910 com
1081 3856 1169 3925 prritno
1182 3855 1372 3912 Enetertiorum
1386 3857 1444 3922 die,
1458 3865 1487 3912 ut
1499 3857 1597 3911 solitus
1606 3871 1680 3912 erant
1694 3856 1803 3929 quaudo

1001 3947 1123 4014 aderam,
1136 3949 1168 4002 ad
1180 3950 1339 4020 obsequium
1349 3948 1462 4005 inarmis
1476 3947 1597 4020 episcopi
1608 3949 1799 4017 cucurrissem,

1000 4041 1093 4096 statim
1108 4040 1144 4096 ab
1159 4056 1193 4097 eo
1205 4048 1297 4095 trotaut
1312 4042 1371 4097 lalsi
1387 4041 1511 4116 criminis
1527 4055 1577 4111 pro
1599 4041 1687 4111 gratia
1702 4041 1803 4097 saluta-

1001 4134 1084 4189 tionis
1094 4133 1199 4205 aeeopi.
1213 4134 1256 4189 Ait
1271 4135 1345 4191 enim
1360 4134 1427 4190 milti
1445 4153 1451 4191 :
1470 4153 1479 4186 t
1494 4133 1584 4204 Quare
1599 4133 1632 4189 ad
1655 4150 1698 4191 rue
1713 4136 1801 4203 renis,

1001 4227 1095 4294 bauto,
1112 4227 1159 4298 qtti
1180 4227 1374 4297 blasphemasti
1387 4228 1420 4284 it
1438 4227 1574 4294 lulensi
1586 4245 1630 4296 ue,
1647 4228 1745 4296 credo,
1761 4230 1803 4284 in·

1002 4319 1105 4392 telligi:
1122 4320 1187 4376 li'nti
1203 4339 1242 4377 ure
1257 4332 1376 4393 inrepere,
1392 4322 1453 4391 quie
1472 4323 1586 4378 arundus
1600 4339 1658 4377 ιιιιιι
1671 4333 1696 4377 rt
1709 4323 1804 4394 obs-pue

1001 4414 1207 4487 percute(lsoi.,
1225 4429 1287 4484 ιιι,
1305 4414 1354 4485 5).
1370 4413 1406 4469 At
1422 4430 1473 4486 ego
1488 4415 1553 4470 niltil
1566 4413 1632 4469 nrilti
1653 4415 1803 4487 conscius,

1001 4507 1171 4578 interrogari
1185 4524 1191 4559 :
1213 4525 1223 4558 ι
1237 4505 1360 4576 Quando,
1375 4518 1422 4562 aut
1435 4522 1489 4579 quo
1500 4508 1639 4572 audiente,
1650 4513 1695 4561 aut
1709 4506 1802 4576 cuius·

1003 4600 1076 4657 modi
1093 4601 1159 4656 illud
1173 4608 1215 4658 est
1229 4600 1350 4670 dictum,
1367 4600 1440 4672 quod
1461 4601 1641 4671 blasphemiae
1658 4600 1743 4671 possit
1757 4616 1802 4655 as·

146 4690 196 4747 itte
207 4692 440 4763 justificationibus
450 4690 556 4750 Domini
568 4696 623 4751 sine
636 4696 741 4768 punctu
755 4696 830 4767 (luc.
843 4713 864 4763 t,
875 4698 903 4768 6)
916 4714 922 4751 :
936 4717 947 4750 ι
964 4670 1104 4752 1)ιιίιιί“ἱι
1119 4694 1271 4765 Episcopus
1283 4693 1424 4764 respoudit
1438 4712 1444 4747 ε
1456 4711 1466 4746 ι
1477 4692 1535 4764 ligo
1546 4703 1572 4749 te
1582 4692 1673 4749 audiri
1684 4692 1801 4749 dixisse:

146 4782 221 4854 quod
234 4783 345 4855 quidem
354 4784 389 4841 ab
399 4785 518 4857 Origene
532 4787 646 4853 dietum,
657 4789 691 4844 ab
699 4803 733 4844 on
746 4789 862 4861 prolerri
874 4805 950 4846 eotrt·
1000 4788 1065 4860 quia
1080 4802 1132 4844 uec
1152 4786 1279 4843 cumbri
1301 4785 1436 4858 adjutorio
1453 4786 1540 4857 possit
1564 4799 1625 4842 esse
1647 4784 1728 4841 ltomo
1744 4785 1803 4841 sine

146 4875 273 4948 pluribus
286 4877 366 4934 nobis
381 4887 476 4935 notum
487 4889 559 4937 erat.
584 4881 633 4937 Cui
650 4896 814 4953 responsum
839 4898 889 4954 per
905 4900 950 4941 nte
1001 4890 1126 4953 peccato.
1139 4898 1149 4933 ι
1166 4879 1221 4950 Ego
1236 4879 1365 4951 peridem,
1382 4877 1533 4934 beatissimi
1547 4876 1716 4945 sacerdotes,
1731 4879 1804 4935 sicut

144 4977 189 5026 est
206 4987 213 5025 :
231 4987 242 5022 ι
259 4969 314 5026 llos
329 4970 378 5027 lilii
393 4971 524 5028 Ecclesiae
537 4971 683 5030 catholicae
697 4988 802 5031 sumus.
818 4973 876 5031 Nou
891 4975 950 5032 etti·
998 4984 1028 5032 et
1042 4990 1092 5030 tos
1109 4984 1192 5031 testes
1205 4972 1273 5030 estis
1287 5014 1295 5038 ‚
1309 4982 1337 5029 et
1351 4973 1480 5027 ttttitcrsa
1495 4971 1672 5041 iratcruitas,
1688 4980 1715 5028 et
1732 4987 1803 5042 pra·-

143 5079 223 5138 gase
238 5065 327 5134 nobis,
344 5073 437 5138 pater,
450 5075 480 5122 ut
492 5066 620 5125 doctores
640 5081 724 5139 super
742 5067 872 5126 doctores
883 5084 946 5126 esse
998 5074 1074 5125 terea
1089 5067 1177 5122 saneti
1191 5065 1262 5133 tiri,
1278 5065 1323 5137 qui
1351 5064 1413 5121 ltuic
1432 5064 1590 5121 testimonio
1613 5080 1708 5121 autore
1731 5066 1804 5122 teri·

145 5157 487 5230 audeamus,autiodiees
504 5174 588 5230 super
609 5159 728 5230 judices.
755 5159 851 5216 Patres
877 5176 947 5232 nuos
1000 5161 1065 5217 tatis
1085 5161 1240 5228 assistunt,
1268 5159 1359 5216 statim
1395 5157 1556 5214 testificatus
1580 5171 1660 5228 sont,
1687 5158 1801 5216 dicem:

145 5247 275 5306 utritersa
286 5249 442 5318 perorbem
458 5248 583 5306 Ecclesia
598 5250 712 5322 probat,
733 5267 849 5321 quorum
871 5266 947 5307 eom·
1001 5272 1012 5309 t
1027 5254 1097 5324 Quia
1110 5255 1247 5326 ejusmodi
1261 5254 1391 5321 terbum,
1406 5252 1479 5324 quod
1502 5267 1575 5310 nuuc
1599 5269 1613 5308 a
1639 5255 1801 5312 mediatum

144 5341 270 5398 munioni
290 5357 342 5399 nos
355 5341 499 5400 adltaercre
523 5342 670 5415 gaudetis,
696 5343 861 5403 damnabilia
888 5346 947 5403 haec
998 5349 1146 5421 episcopus
1165 5346 1330 5415 intenderit,
1347 5361 1495 5417 numquam
1518 5346 1553 5403 do
1567 5363 1615 5405 ore
1638 5361 1700 5403 tneo
1717 5356 1799 5401 antea

143 5446 208 5489 esse
221 5433 347 5507 dogmata
365 5434 559 5493 decreverunt.
584 5434 641 5492 lllis
665 5436 868 5506 probantibus,
895 5453 946 5495 uos
997 5441 1191 5513 processisset:
1211 5459 1222 5494 t
1241 5453 1405 5511 quamquam
1425 5439 1495 5496 ltauc
1510 5439 1731 5496 incontinentiam
1749 5436 1801 5492 mi-

141 5525 257 5586 obedire
268 5527 380 5601 agnon
394 5538 447 5589 est.
465 5527 520 5588 Cur
537 5529 691 5603 interrogas
708 5528 779 5587 tilios
791 5531 857 5604 quid
876 5545 943 5590 sen·
997 5547 1069 5591 serae
1081 5531 1208 5590 ialsitatis
1228 5530 1369 5590 ruminare
1378 5532 1480 5605 saepius
1497 5533 1597 5590 crebra
1611 5530 1801 5602 expositione,
1872 5523 1877 5532 '

782 5692 1012 5754 ttAvAttcAttPl
1031 5693 1149 5754 ΝΟΜ).

140 5816 272 5963 “dessg‘t't
284 5818 321 5877 de
339 5818 472 5892 Dialogo,
491 5833 572 5892 quem
587 5826 683 5877 contra
700 5816 862 5891 Pelagianos
874 5832 946 5892 ,eeti-

1036 5817 1221 5879 bGttllaudius
1235 5819 1357 5894 corrigit,
1370 5837 1411 5878 ne
1423 5821 1510 5877 credo
