4192 6434
398 325 580 433 ⁴atr,

1510 364 1985 428 utsromanuu
2025 365 2233 426 murm
2270 368 2339 425 v.
2380 334 2535 426 cati.
2576 366 2721 425 xtv.

3658 375 3768 436 946

470 491 655 563 ibique
706 504 775 549 ne
823 491 981 549 vivus
1024 494 1337 562 caperetur,
1384 488 1655 546 cervicem
1697 502 1859 543 servo
1900 501 1998 542 suo
2023 486 2070 519 ¹⁰
2094 497 2149 556 A
2175 485 2375 541 datium
2403 484 2726 557 gravissimo
2751 465 2896 541 bello
2915 483 3065 555 vicit,
3097 486 3332 545 maxime
3356 500 3480 545 cum
3504 488 3772 562 elephan-

469 586 726 659 prtebuit.
772 583 946 657 Caput
983 585 1213 642 Gracchi
1245 585 1289 617 ²¹
1315 583 1579 643 excisum.
1611 579 1818 637 consuli
1845 580 2067 635 allatum

468 688 579 746 est,
610 686 808 749 corpus
852 678 919 733 ad
942 677 1258 735 Corneliam
1286 685 1515 732 matrem
1544 675 1591 706 ¹¹
1617 675 1885 730 Misenum
1915 672 2070 743 oppi-

468 770 598 825 dum
645 769 936 826 devectum
979 781 1083 826 est.
1138 770 1264 825 llaec
1309 778 1489 825 autem
1538 767 1788 824 Cornelia
1828 763 2067 821 Africani

470 862 696 932 majoris
739 861 872 931 lilia,
898 860 944 894 ²⁸
972 860 1259 927 Misenum,
1308 869 1430 931 post
1458 858 1655 931 prioris
1681 857 1773 911 tilii
1807 868 2063 924 mortem,

467 961 794 1017 socrsserat.
840 951 986 1008 Bona
1026 950 1253 1008 Gracchi
1286 951 1556 1021 publicata
1586 957 1733 1005 sunt.
1756 947 1804 981 ’⁸
1832 948 2061 1003 Flaccus

465 1044 787 1100 adolescens
833 1044 888 1082 ’ἱ
937 1044 991 1099 iu
1040 1043 1240 1100 robore
1295 1052 1522 1099 necatus
1572 1050 1676 1097 est.
1731 1042 1807 1095 Ex
1832 1039 2067 1095 factione

357 1179 370 1191 .
469 1135 703 1193 Gracchi
749 1136 798 1169 ’⁸
839 1134 1058 1191 ducenti
1107 1135 1496 1207 quinquaginta
1542 1134 1599 1189 in
1644 1134 1915 1190 Aventino
1941 1130 2067 1186 cresi

468 1231 798 1286 re'cruntur.
844 1229 1092 1300 Opimius
1118 1228 1307 1284 consul
1333 1230 1475 1283 sicut
1501 1227 1554 1282 in
1588 1226 1732 1283 bello
1767 1226 1920 1282 fortis
1941 1224 2065 1288 l'uit,

467 1320 638 1393 318
672 1320 746 1375 ita
773 1320 819 1352 ¹⁷
842 1318 899 1374 in
939 1320 1245 1392 qnaestione
1286 1319 1550 1376 crudelis.
1594 1318 1731 1375 Nam
1762 1319 1809 1351 ¹⁸
1834 1316 2068 1387 amplius

465 1426 629 1482 tinam
682 1411 782 1467 tria
833 1409 1002 1467 millia
1056 1410 1336 1466 bominum
1385 1410 1666 1481 suppliciis
1708 1407 1920 1467 necavit
1947 1426 1960 1462 ε
1994 1421 2067 1462 ex

432 1545 437 1551 .
465 1505 660 1574 quibus
707 1502 948 1574 plurimi,
996 1518 1065 1559 ne
1086 1502 1230 1560 dicta
1260 1503 1482 1576 quidem
1512 1516 1700 1572 causa,
1741 1501 2068 1558 innocentes

422 1592 435 1602 ⁴
467 1593 738 1651 interfecti
772 1601 920 1650 sunt.

766 1756 773 1761 ἢ
1065 1685 1296 1745 CAPUT
1335 1685 1476 1742 xlll.

463 1779 714 1836 Baleares
747 1780 950 1835 insulas
987 1796 1019 1835 a
1046 1778 1262 1834 Metello
1284 1781 1542 1847 subactas,
1574 1778 1874 1847 Allobroyes
1895 1794 1929 1833 a
1957 1777 2066 1834 Do-

533 1853 678 1907 mitio
705 1853 865 1907 victos
890 1851 1072 1923 fuisse,
1090 1849 1412 1923 AEtnamque
1439 1868 1624 1907 rursus
1640 1854 1917 1931 exarsisse.

532 1963 729 2021 lisdem
785 1962 1123 2035 temporibus
1173 1966 1190 1995 ¹
1241 1963 1485 2020 Metellus
1515 1962 1766 2019 Baleares
1812 1960 2057 2017 insulas·

454 2055 604 2113 bello
653 2067 978 2129 pervagatus
1028 2055 1292 2126 edomuit,
1345 2064 1402 2111 et
1443 2056 1721 2127 piraticam
1757 2054 2061 2112 infestatio-

455 2162 607 2213 nem,
638 2148 659 2179 ³
687 2162 810 2219 quae
830 2146 901 2203 ab
927 2147 1117 2204 iisdem
1164 2157 1293 2203 tune
1318 2147 1690 2217 exoriebatur,
1717 2147 1946 2218 plurima
1971 2148 2056 2202 in·

456 2240 705 2295 cularum
731 2240 882 2296 caede
902 2241 1246 2311 compressit.
1288 2236 1470 2296 Cneus
1497 2253 1713 2311 quoque
1737 2238 1760 2271 ⁴
1793 2237 2058 2294 Domitius

460 2329 791 2403 proconsule
819 2331 842 2363 ⁸
868 2329 1188 2401 Allobroges
1225 2329 1415 2389 Gallos
1457 2330 1610 2402 iuxta
1640 2328 1902 2403 oppidum
1934 2329 2065 2387 Vin·

2171 584 2351 633 torum
2393 592 2532 632 nova
2573 577 2746 633 forma
2784 578 2907 648 equi
2935 577 3171 635 hostium
3212 580 3508 653 hostesque
3551 593 3771 640 conter-

2170 669 2282 738 nu,
2332 669 2703 744 diffugissent3
2757 670 2951 743 viginti
3004 672 3172 729 muna
3223 674 3245 704 ⁶
3289 674 3367 730 nn
3411 657 3765 748 Allobrogum

2169 777 2310 819 caesa
2340 762 2667 829 referuntur,
2698 763 2800 819 tria
2829 763 2998 820 millia
3024 772 3180 841 capta
3209 777 3355 823 sunt.
3389 766 3598 824 Eodem
3628 779 3767 825 tem-

2168 869 2303 926 pore
2327 853 2490 911 AEtna
2512 870 2668 911 mons
2691 855 2831 911 ultra
2852 856 3076 912 solitum
3106 860 3336 928 exarsit,
3354 868 3409 916 et
3429 860 3763 919 torrentibus

2170 948 2342 1020 igneis
2367 947 2669 1019 superfusis
2695 947 2907 1020 lateque
2945 950 3470 1018 circumfluentibus,
3499 950 3761 1010 Catanam

2170 1042 2358 1098 urbem
2401 1041 2646 1112 finesque
2687 1042 2807 1111 ejus
2849 1043 3142 1113 oppressit,
3188 1044 3262 1098 ita
3297 1052 3361 1099 ut
3395 1053 3536 1101 tecta
3564 1046 3766 1102 aedium

2167 1138 2356 1195 calidis
2381 1138 2657 1195 cineribus
2699 1147 2934 1209 praeusta
2961 1146 3018 1195 et
3040 1146 3375 1211 praegravata
3404 1150 3764 1197 corruerent:

2169 1230 2324 1300 cujus
2349 1231 2592 1287 levandae
2612 1230 2793 1303 'cladis
2815 1244 3000 1294 causa,
3027 1242 3251 1289 senatus
3273 1231 3466 1289 decem
3489 1247 3759 1291 annorum

2167 1320 2451 1394 vectigalia
2476 1322 2873 1379 catanensibus
2911 1322 3145 1380 remisit.

2659 1436 2827 1510 319
2852 1434 3083 1493 carm·
3120 1433 3265 1492 xtv.

2168 1524 2368 1584 Fabius
2394 1527 2578 1584 consul
2606 1527 2863 1583 Bituitum
2885 1570 2901 1595 ,
2930 1543 3103 1599 reqem
3150 1528 3497 1585 Arvernorum
3514 1569 3531 1597 ,
3562 1532 3770 1604 maqnis

2240 1600 2404 1666 copiis
2442 1601 2774 1671 instructum,
2827 1615 2945 1654 cum
2983 1599 3168 1672 paucis
3206 1601 3369 1673 fudit,
3414 1600 3483 1670 Q.
3529 1601 3764 1658 Marcius

2239 1672 2375 1726 alios
2393 1669 2577 1727 Gallos
2603 1672 2768 1744 fudit.
3652 1676 3659 1682 ·

2243 1782 2259 1813 ¹
2289 1780 2447 1837 Anno
2490 1780 2560 1835 ab
2587 1780 2732 1838 Urbe
2765 1780 2985 1838 condita
3012 1797 3281 1852 ucssvttt,
3336 1782 3540 1839 Fabius
3566 1786 3762 1842 consul

2091 1886 2144 1949 Β
2169 1873 2190 1904 ’
2213 1873 2438 1942 Bituito,
2470 1875 2585 1945 regi
2616 1876 3015 1940 Arvernorum,
3047 1878 3068 1910 ⁸
3096 1875 3290 1932 Gallice
3339 1876 3605 1948 civitatis,
3647 1878 3767 1934 bel-

2158 1964 2271 2021 lum
2307 1966 2543 2021 maximo
2567 1965 2837 2022 instructu
2863 1968 3229 2035 comparanti,
3268 1966 3414 2030 adeo,
3440 1984 3564 2024 cum
3596 1984 3767 2041 parvo

2159 2056 2411 2112 exercitu
2438 2057 2703 2127 occurrit,
2751 2066 2812 2111 ut
2836 2056 3075 2112 Bituitus
3105 2058 3436 2128 paucitatem
3484 2061 3761 2117 Romano-

2172 2161 2293 2204 rum
2330 2146 2420 2202 vix
2451 2147 2518 2203 ad
2548 2161 2732 2203 escam
2758 2149 2783 2181 ⁸
2802 2149 3053 2217 canibus,
3089 2164 3231 2219 quos
3259 2150 3313 2206 in
3341 2155 3561 2222 agmine
3588 2152 3762 2210 habe-

2158 2239 2272 2306 bat,
2302 2239 2553 2296 sulficere
2580 2240 2746 2313 320
2775 2235 2934 2310 posse
2951 2241 3206 2311 iactaret.
3239 2242 3345 2311 Qui
3385 2259 3511 2300 cum
3532 2225 3647 2301 ‘sibi
3678 2246 3751 2301 ad

2171 2330 2587 2388 transferendas
2612 2330 2828 2403 copias,
2854 2346 3026 2389 unum
3053 2340 3277 2404 pontem
3305 2332 3559 2391 Rhodani
3587 2335 3765 2393 flumi-

1743 2441 2199 2501 navssncaurt
2239 2442 2473 2501 NOTAE.

531 2539 624 2595 30.
667 2537 920 2594 Proewit.
973 2535 1110 2594 Cod.
1152 2536 1323 2604 Ultr.,
1367 2536 1608 2605 tradidit,
1637 2535 1782 2607 quod
1815 2535 2055 2605 ineptum

463 2621 568 2668 est.
623 2609 701 2666 De
750 2610 1024 2665 locutione
1071 2610 1183 2674 illa,
1230 2610 1457 2679 prebere
1500 2609 1746 2663 ceruicem
1796 2607 1851 2663 in
1883 2615 2058 2662 morte

464 2680 798 2809 vulg-{arim
845 2680 969 2737 vide
1008 2680 1099 2737 Io.
1158 2681 1418 2737 Arntzen.
1461 2679 1530 2739 ad
1575 2681 1712 2737 Aur.
1758 2677 2053 2736 Victorem.

464 2769 502 2826 p
535 2823 628 2880 2¹.
671 2821 939 2894 Excisum.
969 2821 1143 2896 Lugd.
1170 2822 1291 2879 Bat.
1318 2838 1428 2894 pr.,
1469 2820 1745 2877 abscisum.

534 2894 629 2950 22.
670 2893 945 2950 Desectam
984 2904 1079 2949 est.
1135 2893 1234 2949 Ed.
1286 2893 1449 2965 Aug„
1507 2892 1724 2948 allatum
1777 2899 1870 2947 est.
1921 2891 2057 2949 Cod.

464 2966 638 3039 Lngct.
685 2966 805 3020 Bal.
837 2980 947 3036 pr„
982 2964 1211 3019 delatum
1239 2975 1334 3019 est.

537 3039 610 3094 25
670 3035 948 3098 Misenum.
997 3044 1111 3109 post
1144 3035 1329 3103 prioris
1366 3034 1462 3102 filii
1486 3042 1723 3099 mortem,
1759 3043 2055 3091 secesserat.

2168 2535 2327 2607 {uisse
2370 2536 2691 2605 reseruntur.

2233 2608 2326 2664 27.
2367 2605 2436 2661 In
2489 2609 2790 2677 quoestioue.
2847 2606 2952 2664 Ed.
3008 2605 3175 2680 Aug„
3231 2623 3357 2667 cum
3410 2626 3544 2667 mss.
3591 2614 3765 2672 tribus

2162 2677 2337 2746 Lugd.
2368 2678 2512 2733 Batt-
2542 2686 2599 2733 et
2623 2677 2761 2734 Coll.
2794 2678 3059 2736 Gronov..
3091 2680 3424 2746 inquisitione
3445 2683 3691 2741 crudelis.

2232 2747 2327 2803 28.
2364 2748 2603 2818 Amplius
2627 2766 2781 2819 qttam
2808 2751 2910 2805 tria
2940 2749 3126 2805 millia.
3155 2751 3285 2807 Mss.
3315 2752 3499 2819 iidem,
3527 2771 3764 2813 consen-

2164 2817 2427 2875 tientibus
2456 2821 2630 2876 tribus
2656 2820 3007 2887 FlorentiniS,
3038 2824 3263 2891 anuplius
3290 2824 3391 2877 tria
3415 2825 3761 2898 millia,quod

2161 2890 3015 3030 ἑξὲοὲιὶἰῶοἱῖῗὶωιιίειῖιὲωιυεᾱ.
3042 2891 3188 2947 Batt.
3214 2908 3335 2949 mox
3369 2910 3469 2965 pro
3496 2912 3561 2951 ne
3578 2910 3764 2956 amant

2230 3032 2362 3087 Car.
2402 3032 2542 3088 Xlll.
2574 3062 2645 3074 —-
2672 3034 2724 3087 i.
2767 3031 3009 3089 Metellus
3056 3032 3324 3090 Baleares.
3378 3036 3455 3091 ne
3492 3036 3763 3096 Balearica

464 3110 558 3165 Sic
608 3122 731 3163 cum
782 3108 989 3178 optime
1037 3107 1305 3177 legeretur
1351 3107 1405 3163 in
1460 3106 1560 3161 Ed.
1622 3103 1792 3175 prima
1841 3114 1895 3159 et
1931 3112 2054 3175 post
2154 3099 2289 3157 betto
2316 3104 2432 3157 Liv.
2463 3102 2561 3158 lib.
2596 3118 2686 3169 ux,
2714 3102 2862 3158 Flor.
2895 3105 2987 3159 lib.
3017 3119 3105 3172 nt,
3131 3119 3253 3175 cap.
3285 3107 3337 3161 8.
3369 3105 3538 3163 Faun.

464 3180 612 3235 illam
657 3179 711 3234 in
761 3177 992 3234 Parisin.
1041 3187 1096 3232 et
1130 3178 1369 3244 Venetis,
1413 3177 1632 3246 reliqum
1663 3186 2055 3231 tamenomncs

2229 3173 2289 3227 2.
2325 3171 2495 3227 Bello.
2526 3174 2695 3228 Abest
2721 3173 2810 3229 ab.
2839 3173 2927 3228 ed.
2957 3173 3188 3244 August.

463 3250 749 3311 exhibent,
781 3248 1058 3309 Misenum,
1088 3259 1142 3303 ut
1171 3249 1333 3311 duxi,
1362 3247 1550 3321 prioris
1576 3246 1672 3315 titii
1702 3256 1866 3300 morte
1890 3262 2057 3301 seces-
2079 3261 2128 3325 c
2230 3245 2284 3299 5.
2329 3244 2459 3311 Quat
2480 3242 2543 3297 ab
2565 3244 2745 3298 iisdem
2773 3252 2896 3299 tunc
2914 3247 3257 3301 exoriebatur.
3291 3246 3464 3317 Lugd.
3490 3249 3609 3305 Bat.
3644 3266 3756 3321 pr„

462 3331 622 3377 serat.
667 3321 739 3376 At
783 3320 874 3375 ubi
902 3320 1004 3376 boc
1028 3319 1164 3375 (lixit
1190 3318 1452 3374 Orosius?
1495 3316 1612 3373 Non
1655 3328 1805 3371 certe
1835 3317 1939 3371 boc
1964 3332 2056 3372 ca-

465 3393 578 3459 pite
622 3405 793 3462 neque
822 3404 980 3459 snpra
1014 3406 1129 3461 cap.
1164 3390 1220 3457 9,
1268 3391 1359 3445 ubi
1408 3389 1477 3444 de
1502 3403 1635 3443 nece
1663 3385 1863 3443 Tiberii
1892 3388 2056 3443 Grac·

461 3462 553 3518 chi
606 3467 734 3531 egit.
785 3460 936 3517 Ferri
985 3461 1186 3531 itaque,
1232 3459 1575 3531 quatitumvis
1623 3459 1676 3515 iu
1727 3471 1861 3514 mss.
1887 3468 1942 3514 et
1965 3459 2053 3514 ed.

463 3538 603 3605 Aug.
641 3532 961 3595 inveniatur,
1001 3534 1205 3603 nequit.

534 3605 627 3659 at.
667 3600 893 3657 Flaccus
919 3603 1237 3659 adolescens.
1295 3601 1359 3670 Q.
1398 3599 1646 3656 Flaccum
1673 3600 1913 3655 nominat
1942 3598 2055 3668 Ap·

463 3675 675 3746 planus,
704 3688 866 3746 quem
909 3674 1242 3745 impuberem
1286 3674 1520 3743 legatum
1567 3688 1598 3727 a
1630 3682 1785 3743 patre
1808 3672 2054 3736 missum,

464 3752 518 3800 in
560 3759 784 3803 carcere
827 3754 1078 3802 necatum
1125 3748 1204 3802 ait
1228 3743 1419 3799 Cicero
1457 3743 1512 3798 in
1567 3742 1872 3798 Catilinam.
1929 3742 2054 3797 Vel-

462 3817 606 3873 leius
633 3833 650 3874 :
673 3816 912 3884 ducenis,
939 3817 1107 3886 specie
1150 3816 1423 3881 excellens,
1454 3815 1676 3868 necdum
1702 3812 2055 3867 duodevicesi·

460 3905 605 3943 mum
632 3896 981 3957 transyressus
1003 3904 1218 3950 antium,
1263 3886 1606 3956 immunisque
1630 3884 1934 3938 delictorum
1958 3898 2055 3955 pa-

460 3969 750 4021 ternorum,
785 3955 957 4012 Fulvii
982 3955 1165 4013 Flacci
1194 3958 1356 4027 lilius,
1403 3972 1553 4024 quem
1575 3964 1719 4027 pater
1739 3954 1965 4027 leqatum
1995 3954 2059 4008 tle

459 4027 842 4157 &tuitionibus
897 4029 1134 4098 irriserat,
1196 4031 1261 4084 ab
1330 4026 1536 4099 opimio
1586 4027 1918 4094 interemptus
1961 4034 2054 4079 est.

506 4118 631 4157 sen.

452 4193 468 4210 ·
531 4173 627 4229 25.
668 4170 736 4225 In
773 4170 975 4232 robore.
1012 4170 1187 4227 liobnr
1226 4170 1278 4225 in
1328 4182 1549 4223 carcere
1583 4167 1783 4223 dicitur
1810 4168 1857 4220 is
1888 4165 2060 4230 locus,

457 4257 571 4315 qno
600 4242 966 4313 praecipitatnr
1007 4242 1370 4297 maleficorum
1399 4254 1603 4310 genus,
1635 4237 1848 4293 FestuS.
1878 4236 2064 4292 Livius

461 4314 586 4368 litir.
620 4329 821 4369 xxxi-nt
854 4331 867 4366 ε
905 4312 974 4369 Ut
1018 4314 1071 4366 in
1098 4326 1304 4366 carcere
1344 4310 1479 4364 inter
1530 4311 1669 4381 sures
1711 4319 1988 4363 nocturnos
2016 4317 2064 4360 ct

458 4383 689 4440 latrones
715 4387 796 4438 uir
821 4386 1138 4439 clarissimus
1175 4380 1496 4452 includatur,
1530 4390 1578 4435 et
1607 4382 1661 4435 in
1702 4380 1884 4435 robore
1913 4387 1960 4433 et
1991 4386 2066 4431 tc-

460 4456 635 4511 uetvris
672 4456 919 4526 exspiret.
964 4454 1133 4511 Faun.

531 4526 626 4582 26.
678 4524 901 4581 Duceuti
956 4525 1364 4597 quinquaqinta.
1432 4521 1547 4579 iloe
1607 4522 1839 4579 similius
1897 4533 2062 4585 vero,

457 4611 624 4669 quam
652 4596 797 4669 quod
826 4596 1150 4653 Plutarchus
1174 4594 1366 4651 scribit
1389 4595 1686 4669 τριχιλίους
1709 4595 1870 4665 [uisse
1899 4594 2060 4647 inter·

457 4670 644 4739 [actos.
687 4667 854 4725 Faus.
889 4697 962 4710 —
989 4668 1095 4725 Pro
1138 4665 1279 4738 coesi,
1321 4664 1571 4722 Perizou.
1628 4666 1910 4736 Meusque,
1935 4661 2056 4719 coesi
2083 4647 2137 4708 D

533 5544 590 5598 5.
630 5538 843 5596 Gallioe.
873 5537 978 5594 Ed.
1010 5538 1178 5610 Aug..
1204 5533 1446 5592 Gallicoe.

529 5609 588 5666 t.
632 5610 881 5675 Canibus,
912 5625 1060 5681 quos.
1087 5618 1196 5664 etc.
1220 5607 1300 5662 Ex
1320 5605 1567 5662 hocloco
1591 5611 1740 5676 patet
1759 5611 2048 5661 consuetu-

458 5683 653 5741 dinem
670 5683 837 5737 luisse
854 5679 1080 5748 apud‚G.·
1093 5682 1214 5741 llos,
1230 5687 1289 5732 ut
1305 5677 1729 5748 proticiscenteS,
1755 5677 1807 5730 in
1825 5675 2046 5742 bellum,

467 5768 639 5811 caries
665 5767 853 5809 secum
881 5750 1168 5806 ducerent.
1202 5748 1357 5816 Quod
1377 5748 1594 5811 Strabo,
1625 5746 1810 5817 paucis
1832 5761 2048 5812 compa-

472 5826 681 5882 randus
705 5832 918 5890 auctor,
948 5831 1212 5877 annotare
1243 5834 1352 5875 non
1386 5817 1624 5889 neglexit
1646 5818 1834 5885 lib.tv,
1856 5817 2053 5891 pass,

473 5897 595 5953 sive
619 5896 677 5954 in
698 5893 1001 5972 ,novissima
1031 5892 1163 5951 edit.
1195 5889 1324 5963 505,
1365 5889 1456 5949 ubi
1476 5888 1548 5947 de
1576 5889 1754 5948 insuta
1780 5888 2057 5947 Britannia

2158 3329 2298 3440 quoeb
2332 3318 2397 3368 ao
2425 3313 2608 3370 iisdem
2657 3314 2939 3372 oriebatur.
2988 3315 3161 3383 MeuS,
3188 3332 3305 3388 quae
3341 3318 3406 3371 ab
3427 3320 3608 3375 iisdem
3637 3331 3759 3378 tunc

2158 3386 2267 3442 orie
2300 3394 2442 3441 atur.

2229 3453 2285 3511 t.
2328 3454 2588 3512 Domitius
2625 3458 2950 3529 proconsule.
2998 3456 3179 3516 Gneus
3222 3456 3495 3515 Domitius
3538 3461 3759 3520 Alieno-

2160 3528 2363 3585 barbus
2418 3528 2606 3584 consul
2662 3544 2783 3583 cum
2834 3528 2894 3583 C.
2946 3529 3156 3585 Fannio
3200 3529 3303 3587 suit
3342 3545 3489 3586 atinio
3532 3548 3755 3589 ucxxxt.

2162 3597 2240 3654 De
2285 3597 2428 3654 bello
2475 3598 2618 3670 quod
2659 3614 2782 3655 cum
2833 3599 3216 3669 Allobrogibus
3248 3604 3417 3670 gessit
3442 3602 3625 3659 Livius
3657 3607 3754 3662 lib.

2162 3685 2277 3735 ut,
2314 3669 2606 3740 Eutropius
2633 3668 2727 3725 lib.
2753 3684 2833 3735 nr,
2861 3670 3155 3726 Suetonius
3183 3672 3236 3726 in
3264 3671 3501 3727 Nerone.
3532 3674 3698 3731 Faun.

2232 3741 2286 3795 5.
2327 3738 2649 3811 Allobroges.
2690 3740 2818 3796 Mss.
2858 3742 3123 3797 Florentt.
3157 3744 3366 3797 malunt
3390 3743 3716 3819 Allobroqas.

2234 3815 2287 3863 ti.
2332 3812 2433 3866 Ibi.
2467 3811 2636 3867 Abest
2664 3827 2692 3863 a
2724 3811 2892 3881 Lugd.
2926 3812 3045 3866 Bat.
3076 3813 3333 3867 secundo.

2233 3879 2363 3937 Car.
2399 3880 2540 3936 xtv.
2562 3910 2634 3920 —
2664 3881 2716 3935 t.
2755 3882 2907 3936 Anno
2934 3882 2998 3935 ab
3030 3881 3167 3936 Urbe
3200 3882 3421 3935 condita
3459 3899 3751 3941 ncxxxvut.

2163 3952 2301 4007 Aliis
2350 3952 2436 4007 liic
2482 3966 2658 4005 annus
2704 3959 2790 4006 est
2830 3952 2900 4005 ab
2932 3952 3079 4007 Urbe
3123 3952 3341 4006 condita
3384 3968 3641 4011 ucxxxttt.
3676 3957 3756 4012 De

2165 4021 2297 4076 bcllo
2325 4020 2661 4089 Allobroqico
2689 4021 2967 4090 Appianus
2991 4024 3044 4077 in
3070 4021 3299 4086 Celtica,
3328 4023 3528 4080 Strabo
3552 4026 3650 4081 tib.
3675 4043 3752 4095 tv,

2163 4092 2349 4148 Livius
2377 4109 2484 4155 ast,
2519 4092 2709 4147 Florus
2738 4094 2880 4148 libro
2907 4109 2964 4148 tu
2996 4109 3118 4163 cap.
3150 4094 3206 4146 2.
3243 4093 3408 4149 Fun.
3619 4118 3624 4122 ·

2236 4163 2292 4217 2.
2334 4163 2550 4218 Bituito.
2574 4164 2882 4232 Supersunt
2908 4167 3038 4219 aerei
3073 4167 3278 4233 nummi
3308 4166 3536 4233 antiqui,
3570 4166 3659 4233 qui
3687 4169 3755 4223 ad

2167 4235 2313 4289 hunc
2359 4249 2545 4305 rogem
2596 4236 2933 4300 releruntur,
2968 4235 3216 4304 inscripti
3261 4248 3547 4293 m'rontoc
3586 4248 3643 4291 et
3675 4250 3755 4292 Βι-

2166 4317 2386 4362 TOTloc
2414 4313 2724 4367 ΒΑΣΙΛΕΩΣ,
2756 4320 2895 4372 quos
2926 4307 3182 4372 produxit
3228 4318 3284 4362 et
3330 4308 3624 4375 explicavit
3655 4309 3758 4365 Be·
3788 4352 3798 4378 ,

2166 4391 2332 4446 gerns
2359 4387 2467 4433 tom
2497 4378 2565 4432 ΙΙΙ
2608 4377 2778 4431 TheS.
2807 4377 3144 4434 Brandeub..
3170 4390 3224 4445 p.
3250 4384 3313 4441 b,
3339 4380 3585 4443 eosdem,
3608 4378 3755 4447 justa

2170 4447 2547 4516 magnitudine
2575 4454 2814 4512 servata,
2855 4447 3086 4517 subjeci.
3120 4446 3197 4502 De
3225 4448 3347 4515 ipso
3379 4448 3602 4515 Bituito,
3636 4464 3755 4514 pro-

2170 4520 2474 4582 cerissima,
2508 4518 2575 4571 ad
2605 4517 2931 4573 miraculum
2962 4531 3162 4588 usque,
3205 4517 3448 4585 homine,
3480 4518 3602 4589 lege
3631 4518 3758 4574 Flo·

2170 4603 2291 4645 rum
2319 4589 2414 4644 lib.
2437 4604 2518 4655 tn,
2542 4602 2663 4658 cap.
2689 4589 2745 4643 2.

2163 5533 2298 5599 agit,
2338 5540 2393 5588 et
2423 5531 2606 5588 laudat
2653 5533 2795 5589 inter
2846 5532 2950 5587 alia
2999 5532 3273 5588 molossos
3313 5532 3619 5587 Britannos.
3657 5536 3741 5585 Κα

2156 5607 2303 5666 κύνες
2330 5607 2527 5676 εὐφυεῖς
2553 5607 2685 5680 πρὸς·
2709 5608 2806 5667 τὰς
2848 5606 3176 5679 κυνηγεσίας.
3207 5606 3379 5659 κελτοὶ
3407 5602 3461 5657 δέ
3500 5603 3587 5654 καὶ
3631 5603 3765 5675 πρὸς

2159 5679 2280 5738 τοὺς
2300 5677 2552 5748 πολέμους
2575 5685 2809 5753 χρῶνται
2827 5680 2918 5731 καὶ
2940 5681 3168 5741 τούτοις,
3192 5680 3277 5729 καὶ
3301 5683 3409 5733 τοῖς
3436 5673 3759 5746 ἐπιχωρίοις.

2162 5748 2230 5802 Et
2256 5763 2407 5801 canes
2450 5748 2520 5799 acl
2557 5751 2887 5802 venationem
2931 5745 3163 5801 naturali
3215 5742 3390 5797 indole
3426 5752 3757 5810 praestantes.

2164 5816 2362 5872 Iisdem
2383 5834 2587 5888 quoque
2602 5817 2750 5873 Galli
2778 5818 2916 5888 (sive
2959 5815 3151 5883 Celtae)
3178 5813 3396 5887 pariter,
3429 5823 3483 5867 ut
3503 5812 3590 5883 qui
3618 5816 3762 5883 apud

2166 5890 2305 5960 ipsos
2326 5896 2657 5960 generantur,
2691 5890 2749 5943 iu
2773 5889 2909 5944 bello
2935 5896 3173 5942 utuntur.
