4192 6434
239 415 309 474 ibib
748 413 985 471 tttstbtttulttltt
1007 413 1109 470 truttt
1130 414 1184 471 iiii.
1205 413 1282 471 CAP.
1306 415 1346 471 tt.
1819 415 1890 472 ibid

236 528 337 586 Christi
351 570 358 593 ,
383 526 497 583 Rumam
515 525 590 582 veuit
604 535 631 582 et
644 526 790 583 salutarem
804 527 909 582 cunctis
924 528 1038 584 creden·
1053 530 1076 590 Λ
1091 527 1167 593 tiam,
1183 527 1392 586 Scribonianum
1409 531 1505 602 quintu
1516 530 1607 585 statim
1620 531 1664 586 die
1675 531 1835 587 destituutm
1849 531 1892 587 itt·

236 621 309 677 tibus
332 618 413 676 fldem
436 618 512 675 fideli
535 619 619 675 verbu
642 618 756 687 docuit,
787 621 1038 692 potentissimisque
1092 620 1210 688 reticuit,
1237 636 1352 692 seseque
1372 633 1546 678 sacramento
1566 622 1667 694 prioris
1685 623 1788 678 militia
1802 623 1892 677 couti·

235 713 382 771 virtutibus
403 712 575 783 approbavit.
605 713 694 782 Atque
713 713 724 744 ¹
740 715 802 770 evin
821 712 968 770 Christiani
985 715 1037 770 ilo
1088 710 1157 767 nuit.
1169 711 1285 766 Tristius
1306 727 1337 769 ac
1353 714 1534 783 perniciosius
1555 714 1616 768 trtbi
1632 712 1725 789 liunus
1745 713 1814 768 nibil
1832 726 1892 768 utu·

236 822 288 864 ntae
309 820 372 863 esse
392 813 544 875 ceperunt.
568 803 661 862 Sensit
681 805 732 862 bue
753 807 882 862 collatum
905 807 967 863 lulei
980 822 1036 863 sum
1088 803 1282 873 meminisse,
1302 818 1382 874 qnam
1407 803 1477 859 bulla
1504 803 1694 870 civiliacum
1715 814 1809 858 tautum
1833 809 1888 866 est.

233 899 321 955 Roma
337 897 512 954 beneficium.
530 898 542 930 ⁸
561 897 627 954 Natu
643 913 704 954 euru
721 898 865 955 interiectu
886 899 1035 972 Caligula¹
1087 896 1180 967 ltaque
1196 908 1306 967 proptor
1323 898 1472 954 adventurn
1494 898 1612 967 apostoli
1634 898 1729 965 Petri,
1753 905 1781 953 et
1793 905 1889 952 tenera

231 993 316 1050 multa
331 993 367 1049 de
378 992 538 1063 abrogando
560 992 690 1063 imperio.
708 1008 740 1048 ac
755 994 894 1064 republica
915 996 941 1051 in
960 996 1034 1050 usuri.
1086 988 1305 1045 Cltristianurnm
1335 992 1457 1061 germina
1487 990 1596 1046 vixdum
1622 991 1711 1046 adbuc
1740 1004 1825 1062 pauca
1853 987 1888 1045 atl

212 1089 315 1158 'quum
336 1084 460 1141 ordinem
480 1085 651 1141 restituenda
672 1085 682 1114 ‘¹
699 1085 905 1156 evertendaque
927 1088 1034 1157 penitus
1086 1087 1189 1135 sancta
1206 1080 1268 1137 idei
1287 1081 1308 1112 ¹¹
1325 1080 1525 1151 professionem
1540 1083 1722 1150 erntnpemtp,
1741 1080 1889 1137 bauceto-

230 1179 371 1236 Caesarom
388 1179 515 1234 universa
530 1178 632 1235 familia
651 1187 763 1235 senatus
785 1192 814 1236 ct
833 1183 960 1238 consules
981 1183 1030 1239 de·
1085 1172 1200 1228 filistim
1216 1173 1408 1244 tyrannidem,
1423 1180 1629 1243 ef⁰⁰¹¹⁵¹¹fss¹³¹¹⁸
1644 1172 1716 1228 istud
1731 1170 1888 1228 civilebel-

214 1272 396 1339 crevissent,
407 1268 539 1327 Claudius
554 1287 626 1336 mot,
642 1282 672 1329 ut
685 1272 858 1330 confirmavit
874 1274 1030 1345 imperium,
1086 1269 1141 1322 lnm
1166 1275 1248 1338 neget
1269 1267 1411 1337 quisquam
1436 1266 1566 1322 divinitus
1593 1282 1655 1322 usse
1675 1264 1887 1337 ettnrpressutnl

230 1379 329 1436 magna
344 1373 424 1434 atque
438 1365 449 1397 ⁸
462 1363 552 1419 adltuc
565 1364 661 1420 ltuntse
676 1365 812 1436 incognita
830 1381 895 1421 usus
908 1367 1031 1422 clemen.
1083 1358 1135 1427 Qui
1149 1357 1295 1428 praeteritis
1309 1358 1477 1430 temporibus
1488 1359 1521 1414 de
1533 1360 1739 1430 compressione
1750 1356 1885 1413 bellorum

231 1457 282 1524 tia,
309 1473 343 1514 ne
359 1457 387 1513 in
410 1465 513 1512 tautam
536 1457 666 1514 nobilium
687 1458 889 1513 multitudinem
901 1458 990 1526 ntttu,
1007 1459 1030 1515 si
1083 1453 1202 1508 civilium
1222 1453 1313 1509 situile
1326 1452 1450 1523 probarit
1465 1453 1630 1524 cxctuplunt.
1646 1451 1776 1508 Claudius
1787 1458 1885 1523 quartu

228 1559 306 1608 esset
319 1559 419 1623 coepta,
433 1551 545 1607 saeviret
560 1568 567 1617 ;
581 1555 592 1584 ¹
606 1551 718 1607 biduum
729 1551 808 1622 iliud,
821 1567 875 1623 quu
890 1553 924 1609 de
940 1553 1030 1624 reipu-
1082 1545 1189 1616 imperii
1201 1545 1243 1600 sui
1256 1560 1339 1611 annu,
1353 1546 1376 1579 ¹¹
1389 1536 1505 1615 cupiens
1515 1560 1545 1602 se
1557 1545 1652 1601 utilcnt
1668 1546 1773 1616 reipub.
1789 1555 1886 1599 usten-

227 1641 311 1699 blicae
326 1650 399 1699 statu
411 1641 559 1709 infeliciter
572 1644 754 1699 consultatum
770 1654 916 1715 actumque
929 1646 1026 1714 inerat,
1080 1647 1137 1692 tare
1161 1637 1332 1707 principem,
1359 1637 1458 1692 fielium
1474 1635 1573 1708 ubique
1594 1647 1622 1692 et
1639 1637 1780 1691 victoriam
1800 1637 1884 1692 utlaio·

210 1729 370 1790 ¹memoriae
384 1734 500 1801 exemit,
519 1737 695 1805 omniumque
711 1733 844 1791 factorum
859 1737 1028 1794 dicturumve
1079 1732 1338 1803 cumqneqnacsivit.
1349 1729 1657 1801 ltaqueettpcditiunem
1673 1732 1698 1785 in
1712 1730 1882 1786 Britanniam

208 1819 212 1839 ⁵
226 1826 256 1883 in
271 1840 306 1884 eu
320 1828 428 1884 veniam
443 1836 473 1884 et
485 1827 651 1885 oblivionem
667 1830 688 1860 ¹¹
704 1832 731 1884 iu
747 1840 909 1901 perpetuum
925 1833 1026 1888 sanxit.
1080 1826 1164 1881 tnuvit
1177 1843 1184 1880 :
1198 1842 1260 1896 tque
1272 1826 1389 1882 excitata
1401 1826 1428 1881 in
1443 1826 1591 1880 tumultum
1606 1836 1716 1896 propter
1727 1826 1883 1882 nun¹⁹red·

227 1921 248 1952 ¹¹
273 1918 312 1976 lta
335 1919 410 1975 illam
430 1920 587 1991 praeclaram
611 1930 639 1977 et
659 1918 792 1977 luntusatn
815 1921 1026 1978 Atheniensium
1042 1916 1066 1977 B
1080 1920 1181 1977 hibitus
1211 1921 1364 1993 transfugas
1376 1921 1538 1987 videbatur;
1553 1930 1782 1993 transvectusque
1798 1921 1826 1977 iu
1838 1923 1880 1979 iu-

225 2014 404 2081 amuestiam,
417 2029 497 2085 quarn
514 2013 623 2084 quidem
638 2013 732 2070 buutae
749 2014 878 2071 iuducere
891 2015 963 2072 lulio
973 2015 1028 2073 Ce-

224 2120 289 2164 sare
304 2106 450 2163 interfecto
460 2116 584 2174 senatus,
599 2106 733 2164 Cicerone
747 2108 890 2176 suadente,
906 2119 1028 2167 tentave-

225 2201 353 2267 ealdred
380 2199 500 2256 dntouiu
529 2209 557 2255 et
582 2199 733 2255 Octaviano
758 2210 871 2272 propter
895 2199 1026 2259 ultionem

224 2292 355 2348 exstincti
368 2292 484 2348 cesaris
496 2292 721 2361 irrumpentibus,
734 2291 761 2348 in
773 2293 879 2349 irritum
890 2303 1025 2350 cesserat:

223 2383 296 2440 bane
309 2383 449 2449 claudius.
464 2384 587 2455 quamvis
602 2386 624 2416 ¹¹
638 2384 725 2440 multu
737 2386 933 2443 truculentiore
945 2402 1026 2445 causa

224 2474 252 2530 iu
268 2473 372 2531 caedem
387 2475 410 2507 ¹⁸
422 2475 642 2545 conspiratorum
655 2475 677 2506 ¹¹
688 2474 921 2544 instimularetur,
939 2477 1027 2533 ultru-

209 2580 275 2625 'uea
301 2568 448 2626 clementia
480 2570 556 2625 nullu
581 2580 729 2641 expetente
756 2571 885 2627 firmavit.
920 2571 1026 2629 Accidit

207 2656 309 2721 'ctiam
326 2664 424 2722 eudem
445 2673 568 2737 tempure
582 2666 727 2736 praesentis
747 2667 840 2736 gratiae
858 2668 906 2724 bei
920 2669 1026 2741 grande

222 2759 384 2816 miraculum
399 2800 408 2827 ,
422 2758 554 2831 siquidem
570 2759 667 2815 Furius
678 2758 1022 2831 CantillasScribunianus,

223 2849 367 2906 Dalmatiae
388 2849 505 2922 legatus,
527 2851 629 2907 bellurn
648 2853 728 2909 civile
752 2854 876 2924 molitus,
905 2856 1026 2928 legiones

222 2940 328 2998 tnttltas
351 2941 569 3014 fortissimasque
589 2944 623 3000 ad
652 2948 815 3003 sacramenti
844 2949 1024 3005 mutationem

209 3034 383 3107 ¹pellexerat.
399 3032 493 3106 ltaque
508 3035 531 3067 ¹¹
542 3034 586 3091 die
600 3036 683 3104 dictu,
697 3048 725 3093 nt
740 3039 768 3094 iu
784 3054 866 3094 unum
882 3039 965 3114 468
976 3058 1024 3097 nu·

219 3128 304 3201 dique
320 3129 354 3185 ad
368 3145 468 3185 nurum
483 3129 675 3200 imperatorem
700 3134 911 3202 conveniretur,
932 3137 955 3167 ¹¹
975 3153 1021 3193 ue·

220 3235 275 3292 qne
286 3221 383 3291 aquilae
393 3220 497 3288 ornari,
508 3236 594 3293 neque
605 3206 723 3279 ⁸convelli
733 3224 1022 3298 qnoquutnudusigna,

1080 2015 1167 2071 sulam
1191 2022 1249 2081 est,
1264 2029 1346 2086 quatu
1365 2030 1454 2087 neque
1468 2025 1531 2070 ante
1543 2015 1645 2071 iulium
1662 2016 1817 2082 Cesarea,
1834 2033 1884 2074 ne·

1079 2122 1132 2177 qne
1149 2118 1211 2178 pust
1226 2122 1288 2163 eunt
1304 2109 1446 2177 quisquam
1463 2106 1539 2163 adire
1555 2123 1637 2163 ansus
1654 2108 1754 2165 fuerat.
1775 2109 1881 2181 ibique,

1079 2199 1102 2230 ¹⁰
1127 2207 1156 2255 ut
1176 2198 1268 2255 verbis
1291 2198 1415 2255 Suetonii
1437 2198 1587 2270 Tranquilli
1610 2202 1716 2272 loquar,
1741 2201 1800 2259 sine
1822 2202 1879 2259 ullu

1079 2293 1174 2365 praelio
1185 2307 1218 2349 ac
1236 2292 1370 2364 sanguine
1384 2293 1454 2349 iutra
1468 2292 1647 2363 paucissimus
1663 2295 1723 2351 dies
1733 2295 1879 2366 plurimam

1078 2386 1175 2443 insue
1189 2395 1294 2456 partem
1310 2386 1337 2442 in
1353 2385 1520 2442 deditionem
1536 2387 1651 2457 recepit.
1665 2388 1785 2444 Orcadas
1796 2389 1879 2445 ctiam

1079 2479 1183 2536 insulas
1196 2479 1266 2534 ultra
1281 2478 1449 2535 Britanniam
1463 2479 1490 2535 in
1502 2479 1613 2535 Oceano
1629 2483 1742 2551 positas,
1756 2481 1880 2538 liumauu

1078 2571 1178 2642 adiecit
1187 2571 1314 2642 imperio,
1331 2585 1364 2626 ae
1378 2579 1456 2627 sexto
1469 2586 1551 2643 quam
1564 2571 1768 2641 profectnserat
1784 2587 1879 2630 meuse

1077 2663 1192 2718 Rumam
1206 2661 1298 2728 rediit.
1314 2660 1476 2718 conferatur
1488 2678 1576 2730 nunc,
1592 2663 1614 2716 si
1630 2664 1759 2735 cuiquam
1777 2664 1876 2734 placet,

1078 2756 1098 2788 ¹¹
1126 2756 1177 2812 sub
1199 2771 1250 2809 una
1277 2754 1375 2820 insula,
1406 2764 1512 2825 tentpus
1533 2763 1560 2809 ct
1584 2765 1700 2825 trtnpus‚
1725 2757 1827 2812 belluna
1851 2767 1880 2814 et

1078 2849 1195 2915 bellum,
1211 2846 1294 2919 1489
1314 2846 1405 2903 Caesar
1420 2855 1448 2901 et
1461 2845 1563 2901 Cesar.
1579 2845 1644 2901 Nam
1661 2846 1695 2901 de
1707 2847 1759 2902 fine
1770 2848 1793 2878 ¹¹
1808 2846 1877 2903 nibil

1076 2940 1205 2999 eunlcru:
1217 2940 1346 3011 quoniarn
1360 2936 1575 2995 buulelicissima
1587 2938 1712 3006 victoria,
1723 2938 1788 2994 illud
1803 2956 1880 2996 acer·
1922 2997 1931 3014 ,

1077 3037 1188 3096 bissima
1202 3034 1295 3090 clades
1309 3032 1374 3090 luit:
1392 3042 1419 3089 et
1435 3034 1476 3087 sic
1491 3032 1599 3088 demtum
1615 3032 1700 3089 Roma
1717 3043 1874 3105 eognoscat,

1077 3147 1126 3203 per
1141 3131 1199 3201 ejus
1209 3131 1339 3185 latentem
1353 3126 1555 3198 providentiam
1570 3126 1593 3157 ¹²
1607 3124 1635 3180 in
1648 3125 1781 3195 augendis
1795 3129 1878 3184 rebus

1076 3234 1156 3279 antea
1171 3237 1202 3279 se
1217 3230 1322 3292 partem
1335 3217 1472 3275 felicitatis
1487 3217 1627 3283 babuisse,
1643 3216 1722 3288 cujus
1737 3217 1878 3289 agnitione

220 3312 366 3370 moverive
386 3322 545 3383 putuerunt.
567 3314 712 3371 Exercitus
729 3324 803 3373 tauta
817 3327 845 3373 et
867 3327 921 3374 tam
935 3303 1060 3376 lausi-C
1077 3323 1221 3385 suscepta,
1236 3311 1396 3383 plenissima
1416 3309 1547 3366 felicitate
1569 3308 1729 3381 perfruitur,
1746 3309 1774 3364 in
1787 3324 1875 3380 quan·

220 3415 276 3462 tata
292 3405 416 3463 miraculi
434 3405 488 3462 ude
504 3416 596 3463 mutus
609 3448 616 3472 ,
630 3416 658 3463 et
671 3422 822 3466 conversus
839 3409 865 3466 itt
882 3412 1021 3482 paeniten-

1079 3420 1135 3468 tttnt
1159 3422 1212 3464 nun
1237 3417 1327 3463 tamen
1345 3405 1575 3474 blasphemiarum
1590 3402 1763 3462 ulieudiculis
1778 3403 1876 3476 depra-

878 3609 1106 3671 utteucattrt
1124 3609 1242 3670 NOTAE.

256 3784 286 3842 l.
300 3782 381 3840 tutta
399 3783 464 3841 liss-
481 3785 568 3856 Lugd.
583 3785 669 3854 batt„
684 3787 773 3842 etium.

255 3856 282 3912 5.
299 3854 380 3910 Num.
397 3857 461 3911 llss.
475 3855 562 3929 Lugd.
576 3858 645 3912 batt.
660 3873 714 3928 pr„
726 3861 796 3930 jum.

256 3928 284 3982 u.
303 3925 400 3982 llulta.
422 3926 487 3983 lits.
503 3928 566 3984 edd.
580 3928 691 4000 qnidam
713 3930 806 4000 inepte
819 3931 924 3988 addunt
938 3933 1018 4000 naulo,

218 3997 293 4080 quud
304 4011 336 4053 et
353 4000 427 4054 varia
443 3998 562 4056 lectione
575 4009 603 4056 et
614 3999 748 4057 affinitate
763 4018 825 4057 com
841 4004 939 4068 nudtu,
957 4020 1020 4073 pru·

217 4080 306 4126 ventt.

255 4142 283 4195 t.
302 4138 507 4211 Euertruduqne.
524 4140 647 4197 Floreat.
669 4155 743 4209 sec,
760 4144 936 4214 uereuduqne,
958 4160 1018 4212 quae

216 4212 1018 4342 illibatis‘titi'litttttttltttattf’¹¹·

254 4356 284 4409 8.
301 4355 394 4410 ddlrue
413 4355 514 4410 Remu.
533 4353 562 4408 lu
579 4354 699 4411 Floreat.
719 4371 775 4413 sec.
792 4357 1015 4428 superscribitur,

217 4421 315 4493 Forte,
332 4426 366 4480 ed
380 4424 429 4480 fruc
450 4424 549 4480 fluore.

253 4494 282 4552 9.
298 4494 414 4550 Biduum
427 4494 502 4551 iilud.
519 4497 568 4552 llic
579 4497 654 4551 lucus
668 4499 705 4551 ita
718 4509 792 4554 recte
808 4498 815 4553 l
853 4499 945 4554 ituria
960 4516 1017 4554 tna-

216 4566 426 4635 nuscriptis,ut
440 4569 661 4636 cognoscituret
685 4567 808 4624 Suetonii
851 4571 940 4625 laudlu
955 4586 1015 4638 cap.

217 4638 245 4693 l.
262 4637 346 4694 Fran.
357 4668 394 4680 —
403 4637 538 4692 iudicium
551 4638 628 4705 titud,
642 4648 695 4694 etc.
709 4640 792 4706 Olim,
809 4641 915 4694 biduum
928 4642 1016 4695 illud:

216 4708 265 4764 sed
286 4707 507 4766 tenetentum
528 4709 727 4765 restitutionem
745 4713 875 4780 probant,
897 4728 958 4782 quse
971 4726 1017 4767 se-

216 4788 338 4850 quuntur
353 4780 426 4836 iflico
443 4799 449 4834 ε
464 4781 630 4852 omniumque
643 4785 783 4851 pacturum,
800 4785 977 4854 dicturumque
988 4786 1016 4838 iu

216 4866 248 4907 eu
258 4851 361 4905 ueniunt
374 4861 398 4907 et
422 4852 573 4908 obliuionem
586 4854 685 4906 suasit.
698 4852 782 4908 baur.
794 4883 829 4893 —
844 4853 872 4908 Ιιι
887 4854 1016 4909 urnnibus

215 4936 287 4977 mss.
303 4932 333 4977 ut
345 4929 374 4979 et
386 4923 430 4980 ed.
446 4922 560 4994 dogrrst.
572 4931 617 4978 est
631 4923 747 4986 didacum,
763 4932 794 4979 ut
809 4934 883 4980 reete
897 4924 1016 4979 restituit

1075 3806 1136 3862 cap.
1153 3793 1198 3848 tt.
1218 3807 1301 3862 neque
1319 3790 1410 3862 aquila
1433 3792 1525 3845 ornari
1545 3790 1654 3862 legitor.
1679 3791 1730 3848 Ubi
1745 3795 1873 3867 aquilas,

1077 3878 1192 3919 numeru
1215 3862 1329 3931 plurali,
1346 3861 1418 3933 apud
1433 3860 1559 3917 Orusinm
1576 3862 1628 3931 legi
1648 3872 1724 3917 nutat
1739 3865 1875 3922 Causanb.

1074 3945 1206 4006 rogatque
1224 3948 1257 3987 an
1272 3946 1368 3988 unanes
1389 3931 1489 4001 aquilae
1502 3930 1529 3986 in
1544 3933 1595 3988 ltuc
1609 3941 1718 3987 ostentu
1733 3937 1875 4006 conspira-

1075 4005 1163 4061 verint
1175 4006 1293 4072 lrugare
1306 4002 1424 4057 vicissim
1439 4016 1561 4071 possum,
1574 4018 1608 4057 an
1619 4004 1836 4073 conspiraverint
1846 4009 1873 4065 iu

1075 4076 1170 4133 eudem
1184 4084 1311 4140 ostentu,
1327 4088 1375 4128 seu
1388 4075 1478 4144 potins
1491 4072 1587 4129 eadem
1602 4073 1711 4142 fraude,
1724 4074 1801 4147 signa
1816 4095 1874 4135 om·

1075 4147 1118 4202 nia
1132 4148 1144 4202 ι

1110 4218 1154 4272 ιι.
1185 4216 1390 4286 Profectionem.
1417 4215 1456 4271 lta
1479 4218 1506 4270 ln
1528 4215 1626 4272 Colun.
1651 4216 1754 4286 inveni,
1773 4230 1802 4276 et
1821 4236 1875 4276 uun

1074 4289 1195 4361 ambigo,
1207 4291 1272 4359 quin
1284 4287 1398 4344 Orosius
1410 4289 1447 4344 ita
1458 4287 1609 4356 scripserit,
1623 4302 1672 4357 pru
1679 4293 1874 4362 prosectionem.

1072 4363 1160 4419 taur.

1111 4431 1156 4486 t8.
1170 4431 1284 4501 Cupiens
1296 4430 1432 4484 sectilem.
1445 4429 1510 4483 blss.
1527 4428 1636 4492 quidam
1652 4429 1755 4500 legunt,
1767 4434 1874 4501 cupiens

1073 4504 1161 4557 utilent
1174 4501 1323 4570 reipublice
1335 4498 1469 4554 attendere
1481 4500 1637 4569 principem.

1113 4574 1154 4628 lb.
1169 4571 1331 4626 lledttibr'tos.
1346 4570 1509 4625 lluctisslme
1519 4569 1616 4625 Cttlun.
1627 4580 1652 4624 ut
1665 4570 1814 4639 blaterans,
1824 4589 1874 4643 pru

1071 4643 1197 4698 redditus.
1211 4641 1247 4696 dt
1263 4644 1309 4711 qni
1327 4643 1379 4694 boc
1395 4640 1506 4694 verbnm
1523 4654 1576 4694 nun
1594 4641 1718 4710 recipiet,
1742 4642 1817 4698 illurn
1838 4645 1873 4700 atl

1068 4714 1284 4784 jurisconsultus
1297 4712 1399 4782 relego.
1416 4711 1502 4766 baur.
1515 4739 1550 4751 -
1560 4711 1632 4766 ldem
1647 4713 1673 4767 in
1690 4728 1758 4768 mss.
1776 4716 1873 4770 melio·

1071 4785 1147 4841 ribus
1164 4785 1266 4840 inveni.

1105 4856 1151 4912 20.
1170 4853 1204 4909 tta
1217 4854 1300 4909 aeriis
1323 4852 1452 4909 Suetonii.
1469 4851 1583 4908 Suetutt.
1599 4852 1625 4906 iu
1645 4853 1760 4910 Claudio
1774 4871 1799 4911 c.
1824 4857 1869 4912 ll.

1069 4926 1154 4983 Fron.
1172 4956 1207 4966 -
1222 4925 1352 4996 Cupnlant
1378 4925 1404 4978 in
1429 4934 1638 4995 transeamusque
1657 4939 1724 4980 mss.
1747 4927 1871 5000 plerique

215 4991 360 5049 fabricius
376 4994 528 5067 ;judicinm
543 4997 639 5049 nterlto
654 4994 794 5049 desideres
814 4995 840 5048 in
860 4996 908 5063 iis,
923 4997 1016 5063 quiex
1070 5000 1175 5054 deleat.

214 5063 310 5135 pravis
324 5063 404 5120 edin.
420 5078 570 5136 recoquunt
581 5065 722 5136 jtttiiriuut.

253 5134 299 5190 lb.
325 5132 358 5189 fn
385 5149 547 5207 perpetuant.
572 5137 635 5190 llss.
658 5135 745 5206 lagu.
767 5135 840 5197 Batt.
861 5152 924 5191 cunt
946 5134 1016 5192 (iuli.

215 5203 339 5262 Grunor.
354 5207 381 5261 itt
396 5219 540 5279 posterum,
556 5221 590 5263 ex
611 5208 711 5277 glossa,
727 5207 807 5262 sicttti
823 5207 849 5260 in
863 5206 961 5262 iisdem
974 5221 1020 5262 su-

215 5290 265 5348 pra
281 5276 392 5342 deiecit,
405 5294 454 5346 pru
467 5279 570 5333 excutit.

252 5348 299 5403 Η.
314 5346 358 5402 ltu
372 5350 456 5404 iilum.
474 5350 539 5405 lias.
553 5350 674 5415 quidant,
687 5350 724 5401 ite
740 5359 762 5401 et
775 5347 858 5402 iilum.

252 5418 298 5473 ta.
312 5418 407 5474 littltu.
424 5421 535 5476 Abesta
551 5420 635 5492 bugd.
650 5421 719 5474 Bau.
735 5436 775 5488 pr.
792 5429 820 5473 et
834 5427 898 5475 tert.
910 5427 992 5491 atque
1005 5438 1019 5477 a

213 5486 287 5545 Cull.
301 5488 423 5547 Gronov.

252 5562 298 5615 t5.
314 5558 541 5644 conspiratorum.
562 5561 631 5618 cod.
654 5561 790 5626 beriton..
809 5565 1016 5634 conjuratorum.

253 5630 298 5686 ll.
320 5630 547 5688 lusttmttluretar.
568 5632 660 5688 0rusii
680 5633 788 5689 ridetur
808 5646 870 5688 esse
892 5630 1018 5700 verbnm,

212 5702 287 5774 qoud
304 5717 337 5759 ex
359 5717 425 5759 tuse.
448 5718 585 5760 consensu
604 5704 724 5761 restitui.
748 5703 854 5775 inlgg„
867 5700 1018 5759 etimatiore-

218 5782 299 5901 ιωιἰι.
313 5843 364 5902 llis
373 5846 454 5903 dieto.
465 5844 604 5912 Peritum,
617 5845 661 5902 die
674 5848 745 5903 duta.

1030 5062 1058 5122 tt
1106 5072 1151 5125 at.
1169 5068 1224 5123 Sui
1240 5084 1292 5122 urta
1308 5065 1405 5121 insula.
1427 5065 1454 5119 lu
1469 5074 1585 5134 quatuor
1605 5080 1671 5120 mss.
1690 5066 1760 5123 banc
1775 5069 1870 5126 inveni

1072 5140 1229 5202 lectionem,
1255 5138 1377 5193 Floreat.
1401 5136 1519 5202 dnobus,
1541 5137 1626 5201 litte,
1643 5138 1703 5193 bien
1722 5148 1751 5194 et
1765 5140 1875 5197 Perito-

1072 5212 1163 5267 nianu.
1183 5209 1276 5280 Vuigg.
1292 5224 1406 5271 untnes,
1419 5208 1507 5260 insutu
1521 5208 1654 5275 etiamid,
1671 5209 1743 5276 qnod
1762 5226 1874 5280 prorsus

1072 5281 1195 5351 ineptum
1211 5289 1261 5336 est.
1279 5279 1346 5334 Nam
1366 5279 1402 5334 de
1416 5293 1468 5332 una
1483 5279 1539 5347 agit
1553 5278 1642 5334 insuia
1666 5280 1828 5346 Britannia,
1844 5284 1871 5338 in

1072 5369 1125 5425 qua
1147 5353 1250 5423 peintus
1267 5350 1374 5414 Cacsar,
1388 5349 1436 5405 sed
1451 5363 1505 5403 uun
1521 5348 1581 5405 sine
1600 5349 1690 5417 clade,
1715 5352 1778 5407 dein
1791 5351 1873 5407 Glau-

1073 5424 1148 5484 dina.
1169 5423 1216 5478 sed
1234 5423 1418 5492 prosperrime
1435 5419 1538 5474 bellum
1553 5422 1651 5491 gessit.
1668 5421 1727 5478 Nun
1747 5422 1827 5492 igitur
1838 5423 1874 5479 du

1074 5494 1174 5561 insula,
1190 5509 1251 5564 qna
1263 5491 1383 5546 cuttlerri
1393 5505 1454 5547 cum
1469 5491 1556 5544 insula
1569 5503 1661 5560 queat,
1674 5493 1792 5561 luqnitur
1805 5490 1872 5547 flru

1075 5566 1149 5632 sins,
1165 5563 1214 5619 sed
1229 5572 1369 5632 comparat
1384 5577 1427 5617 tes
1443 5570 1550 5629 gustas,
1571 5570 1599 5618 et
1613 5562 1758 5621 victorias.
1774 5562 1873 5630 quibus

1075 5635 1176 5692 Caesari
1198 5635 1225 5688 in
1247 5634 1386 5689 britannia
1413 5636 1530 5704 palmam
1549 5633 1683 5703 eripuisse
1703 5631 1770 5686 dicit
1789 5633 1871 5687 Clau·

1074 5708 1161 5765 dicun.

1110 5779 1157 5835 ιι.
1177 5775 1255 5833 Νιιιιι
1279 5776 1397 5845 euasero.
1416 5774 1463 5831 Sic
1481 5788 1547 5828 mss.
1575 5771 1665 5842 plures
1685 5781 1713 5828 et
1735 5773 1779 5829 ed.
1800 5773 1869 5847 drag.

1075 5849 1141 5916 ulit,
1154 5846 1222 5904 nibil
1235 5850 1350 5921 propero.

253 5915 298 5971 lli.
314 5916 406 5990 Neque
419 5918 722 5991 quiremanserat
737 5915 1020 5978 streuumctaudtu
1110 5920 1157 5975 23.
1179 5917 1212 5973 lu
1228 5919 1366 5991 augendis.
1382 5915 1507 5984 eridant,
1525 5914 1642 5986 agendis.
